=LDR  02006nam a22004211  4500
=001  9958377140001701
=005  20170405053753.0
=008  840124s1721\\\\enk\\\\\\\\\\\000\0\eng\d
=035  \\$a(Aleph)000884515UMN01
=035  \\$a(MnU)notisAFG5723
=035  \\$aBELLTRANSFER0139
=035  \\$a(OCoLC)13596642
=040  \\$aMnU$beng$cCaOTULAS
=043  \\$ae-uk---
=050  \4$aAC4
=110  2\$aSouth Sea Company.
=245  14$aThe proceedings of the directors of the South-Sea Company, from the first proposal of that company, for taking in the publick debts, February 1, 1719, to the choice of new directors, February 2, 1720 :$bwherein will be contained a particular account of the debates in the general courts of the said company, during that time, as likewise in those of the Bank of England, and East India Company, so far as they relate to the new scheme for restoring publick credit, together with divers other matters and occurrences, which either result from or serve to explain those proceedings : to these are added the by-laws of the South-Sea Company.
=260  \\$aLondon :$bPrinted for J. Roberts ...,$c1721.
=300  \\$a4 unnumbered pages, 160, that is, 152 pages ;$c19 cm (8vo)
=336  \\$atext$btxt$2rdacontent
=337  \\$aunmediated$bn$2rdamedia
=338  \\$avolume$bnc$2rdacarrier
=340  \\$m8vo$0http://rdaregistry.info/termList/bookFormat/1003
=500  \\$aErrors in pagination: pages 137-152 misnumbered 145-160.
=510  4\$aHanson$c2996
=510  4\$aSabin$c88189
=610  20$aSouth Sea Company$xEarly works to 1800.
=650  \0$aDebts, Public$zGreat Britain.
=650  \0$aSpeculation$xHistory$y18th century$xSources.
=740  0\$aProceedings of the directors of the South-Sea Company.
=926  \\$aMARS
=945  \\$aCAT$b1988-05-01$nbao2
=967  \\$ascs20170325
=968  \\$aRDA ENRICHED
=997  \\$a13596642
=998  \\$aLDR:01916nam#a22003971##4500
=998  \\$b008:840124s1721####enk###########000#0#eng#d
=999  99$aAFG5723$bUL

