=LDR  02092cam a22004452a 4500
=001  9923572100001701
=005  20170330041545.0
=008  871120s1783\\\\enk\\\\\\\\\\\000\0\eng\d
=035  \\$a(Aleph)006416002UMN01
=035  \\$aMB4571
=035  \\$a(OCoLC)228671939
=040  \\$aHUV$edcrmb$beng$cHUV$dOCLCG
=099  \9$a1783 Da
=100  1\$aDalrymple, Alexander,$d1737-1808.
=245  13$aAn account of the loss of the Grosvenor Indiaman, commanded by Capt. John Coxon, on the 4th August, 1782 (inferred from the Portuguese description of the coast of Africa to have happened between 28. and 29. [degrees] S.) :$bwith a relation of the events which befel [sic] those survivors who have reached England, viz. Robert Price, Thomas Lewis, John Warmington and Barney Larey /$cbeing the report given in to the East-India Company by Alexander Dalrymple, Esq. ; published with the approbation of the Court of Directors.
=260  \\$aLondon :$bSold by P. Elmsly and C. Nourse in the Strand; J. Sewell, Cornhill; and J. Law, St. Martin's Church-yard,$c1783.
=300  \\$a8, 39 pages, 1 unnumbered page ;$c22 cm (8vo)
=336  \\$atext$btxt$2rdacontent
=337  \\$aunmediated$bn$2rdamedia
=338  \\$avolume$bnc$2rdacarrier
=340  \\$m8vo$0http://rdaregistry.info/termList/bookFormat/1003
=500  \\$aSignatures: A-F⁴.
=500  \\$aAdvertisement, pages [3]-8, signed by A. Dalrymple.$5MnU
=510  4\$aESTC$cN029882
=610  20$aEast India Company
=610  20$aGrosvenor Indiaman (Ship)
=650  \0$aShipwrecks$y18th century.
=650  \0$aShipment of goods.
=700  1\$aNourse, Charles,$d1713 or 1714-1789,$ebookseller.
=700  1\$aElmsley, Peter,$d1734 or 1735-1802,$ebookseller.
=700  1\$aSewell, John,$d1733 or 1734-1802,$ebookseller.
=700  1\$aLaw, John,$dactive 1763-1785,$ebookseller.
=752  \\$aEngland$dLondon.
=926  \\$aMARS
=967  \\$ascs20170325
=968  \\$aRDA ENRICHED
=997  \\$a228671939
=998  \\$aLDR:02000cam#a22004212a#4500
=998  \\$b008:871120s1783####enk###########000#0#eng#d
=999  \\$aZ39$bOCLC

