=LDR  02214cam a2200481 a 4500
=001  9923588170001701
=005  20170330041535.0
=008  770413s1783\\\\it\abf\\\\\\\\000\0\ita\d
=035  \\$a(Aleph)006415997UMN01
=035  \\$aMB1713
=035  \\$a(OCoLC)2886476
=040  \\$aRRR$edcrmb$beng$cRRR$dOCL$dOCLCQ$dOCLCG$dMNU
=043  \\$an------$as------$ae-it---
=049  \\$aMNUA
=050  00$aE110$b.F72
=050  04$aE110$b.F72 1783
=099  \9$a1783 Fo
=100  1\$aFormaleoni, V. A.$q(Vincenzio Antonio),$d1752-1797.
=245  10$aSaggio sulla nautica antica de' Veneziani :$bcon una illustrazione d'alcune carte idrografiche antiche della Biblioteca di S. Marco, che dimostrano l'isole Antille prima della scoperta di Cristoforo Colombo /$cdi Vincenzio Formaleoni.
=260  \\$aIn Venezia :$bPresso l'autore,$cMDCCLXXXIII [1783]
=300  \\$a12 unnumbered pages, 3-60, 64 pages , 4 unnumbered folded leaves of plates :$billustrations, maps ;$c21 cm (8vo)
=336  \\$atext$btxt$2rdacontent
=337  \\$aunmediated$bn$2rdamedia
=338  \\$avolume$bnc$2rdacarrier
=340  \\$m8vo$0http://rdaregistry.info/termList/bookFormat/1003
=500  \\$aThe maps are reproductions of those drawn by Andrea Bianco, circa 1436.
=500  \\$aVignettes at head of each section.
=500  \\$aSignatures: a⁴ A-C⁸ D⁶; A-D⁸.
=500  \\$aFirst grouping, D2 is signed D3, causing two D3s; second grouping D4 is signed B4.
=510  4\$aSabin$c25094
=600  10$aBianco, Andrea,$dactive 15th century.
=650  \0$aNavigation$xHistory$vEarly works to 1800.
=650  \0$aDiscoveries in geography$xItalian$vEarly works to 1800.
=651  \0$aAmerica$xDiscovery and exploration$vEarly works to 1800.
=651  \0$aAmerica$vMaps$vEarly works to 1800.
=651  \0$aVenice (Italy)$xHistory$vEarly works to 1800.
=776  08$iOnline version:$aFormaleoni, V. A. (Vincenzio Antonio), 1752-1797.$tSaggio sulla nautica antica de' Veneziani.$dVenezia Presso l'autore, 1783$w(OCoLC)656637285
=926  \\$aMARS
=967  \\$ascs20170325
=968  \\$aRDA ENRICHED
=997  \\$a2886476
=998  \\$aLDR:02136cam#a2200457#a#4500
=998  \\$b008:770413s1783####it#abf########000#0#ita#d

