=LDR  01598nam a2200397 a 4500
=001  9923610720001701
=005  20170330041624.0
=008  940601s1780\\\\enk\\\\\\\\\\\000\0\eng\d
=035  \\$a(Aleph)002429318UMN01
=035  \\$a(MnU)notisANW5857
=035  \\$aMB4570
=035  \\$a(OCoLC)30767577
=040  \\$aMnU$edcrmb$cMnU$dMnU
=099  \9$a1780 Da
=100  1\$aDalrymple, Alexander,$d1737-1808.
=245  10$aState of the East India Company :$bwith an examination of the propositions now before the Proprietors, considered as matter of account, and sketch of equitable terms of an accomodation between the publick and the Proprietors.
=260  \\$aLondon :$bPrinted for J. Sewell, Cornhill,$c1780.
=300  \\$a2 unnumbered pages, ii, 30 pages ;$c21 cm (8vo)
=336  \\$atext$btxt$2rdacontent
=337  \\$aunmediated$bn$2rdamedia
=338  \\$avolume$bnc$2rdacarrier
=340  \\$m8vo$0http://rdaregistry.info/termList/bookFormat/1003
=490  1\$aAmes Library pamphlet collection ;$v55:9
=500  \\$aAttributed to Alexander Dalrymple.--NUC pre-56, BLC.
=500  \\$aSignatures: pi² A-D⁴ (-D4)
=500  \\$aIn gathering D, D2 erroneously signed C2 on verso and not at all on recto.
=610  20$aEast India Company$xFinance$vEarly works to 1800.
=773  18$gno:55$w9953698840001701
=830  \0$aAmes Library pamphlet collection ;$v55:9.
=926  \\$aMARS
=967  \\$ascs20170325
=968  \\$aRDA ENRICHED
=997  \\$a30767577
=998  \\$aLDR:01528nam#a2200385#a#4500
=998  \\$b008:940601s1780####enk###########000#0#eng#d
=999  99$aANW5857$bUL

