=LDR  04078cam a2200481   4500
=001  9923681610001701
=005  20170330041856.0
=008  750813s1776\\\\enkb\\\\\\\\\\000\0\eng\c
=010  \\$a   05010019 
=035  \\$a(Aleph)006193317UMN01
=035  \\$aMB182
=035  \\$a(OCoLC)1541340
=040  \\$aDZM$edcrmb$cDZM$dOCL$dOCLCQ$dOCLCG$dDRB$dOCLCG$dKRTAS$dYUS$dMnU
=043  \\$an-usn--$an-usl--$an-uso--
=050  \4$aE163$b.P83
=082  04$a917.3$bP889t
=099  \9$a1776 oPo
=100  1\$aPownall, Thomas,$d1722-1805.
=245  12$aA topographical description of such parts of North America as are contained in the (annexed) map of the middle British colonies, &c. in North America /$cby T. Pownall, M.P.
=260  \\$aLondon :$bPrinted for J. Almon, opposite Burlington House, in Piccadilly,$cMDCCLXXVI [1776]
=300  \\$avi, 46, 16 pages, 1 leaf of folded plates :$bmap ;$c42 cm (folio)
=336  \\$atext$btxt$2rdacontent
=337  \\$aunmediated$bn$2rdamedia
=338  \\$avolume$bnc$2rdacarrier
=340  \\$mfolio$0http://rdaregistry.info/termList/bookFormat/1001
=500  \\$aThe map has title: A map of the middle British colonies in North America. originally published by Mr. Lewis Evans ... in 1755; and since corrected and improved, as also extended, with the addition of New England, and bordering parts of Canada: from actual surveys ... By T. Pownall ...
=500  \\$aThe original map was published at Philadelphia in 1755 in connection with a pamphlet by Evans having the following title: Geographical, historical, political, philosophical and mechanical essays. The first, containing An analysis of A general map of the middle British colonies in America ... The "Topographical description", in addition to the map, includes numerous extracts from this essay of Evans.
=500  \\$aAppendix: 1. The account of Capt. Anthony Van Schaick of the ground between the entrance of lake Chaplain at Crown point, and the mouth of Otter creek.--II. Captain Anthony Van Schaik's journal, 1756.--III. Captain Hobb's account of the way from No. 4. in New Hampshire, to the mouth of Otter creek.--IV. Extracts from the journal of Captain Harry Gordon ... who was sent from Fort Pitt ... to Illinois, in 1766.--V. Extract from Mr. Lewis Evan's journal. 1743.--VI. A journal of Christopher Giat's journey, began from Col. Cresap's at the old town of Potomack river, Maryland, October 31, 1750, continued down the Ohio, within 15 miles of the falls thereof; and from thence to Roanoak river in North Carolina, where he arrived May 19, 1751; undertaken on account of the Ohio company ...
=505  0\$aAppendix: 1. The account of Capt. Anthony Van Schaick of the ground between the entrance of lake Chaplain at Crown point, and the mouth of Otter creek -- II. Captain Anthony Van Schaik's journal, 1756 -- III. Captain Hobb's account of the way from No. 4. in New Hampshire, to the mouth of Otter creek -- IV. Extracts from the journal of Captain Harry Gordon...who was sent from Fort Pitt...to Illinois, in 1766 -- V. Extract from Mr. Lewis Evan's journal. 1743 -- VI. A journal of Christopher Giat's journey, began from Col. Cresap's at the old town of Potomack river, Maryland, October 31, 1750, continued down the Ohio, within 15 miles of the falls thereof; and from thence to Roanoak river in North Carolina, where he arrived May 19, 1751; undertaken on account of the Ohio company ...
=651  \0$aNew England$xDescription and travel$vEarly works to 1800.
=651  \0$aMiddle Atlantic States$xDescription and travel$vEarly works to 1800.
=651  \0$aOhio River Valley$xDescription and travel$vEarly works to 1800.
=700  1\$aEvans, Lewis,$d1700?-1756
=700  1\$aGist, Christopher,$d-1759.
=700  1\$aAlmon, John,$d1737-1805,$ebookseller.
=700  1\$aBurney, Fanny,$d1752-1840,$eformer owner.$5MnU
=926  \\$aMARS
=967  \\$ascs20170325
=968  \\$aRDA ENRICHED
=997  \\$a1541340
=998  \\$aLDR:03979cam#a2200457###4500
=998  \\$b008:750813s1776####enkb##########000#0#eng#c
=999  \\$aZ39$bOCLC

