=LDR  01594cam a2200421   4500
=001  9923698360001701
=005  20170330041918.0
=008  780517s1776\\\\enk\\\\\\\\\\\000\0\eng\d
=035  \\$a(Aleph)006193388UMN01
=035  \\$aMB4943
=035  \\$a(OCoLC)3902804
=040  \\$aCOO$cCOO$dOCL$dGZM$dOCLCQ$dOCLCG$dAMAZN$dMnU
=043  \\$aas-----$aaz-----$an------$as------
=050  \4$aD22$b.R27 1776
=099  \9$a1776 Ra
=100  1\$aRaynal,$cabbé$q(Guillaume-Thomas-François),$d1713-1796.
=245  12$aA philosophical and political history of the settlements and trade of the Europeans in the East and West Indies /$ctranslated from the French by J. Justamond.
=260  \\$aLondon :$bPrinted for T. Cadell, in the Strand,$cMDCCLXXVI [1776]
=300  \\$a4 volumes ;$c22 cm (8vo)
=336  \\$atext$btxt$2rdacontent
=337  \\$aunmediated$bn$2rdamedia
=338  \\$avolume$bnc$2rdacarrier
=340  \\$m8vo$0http://rdaregistry.info/termList/bookFormat/1003
=510  4\$aSabin$c68087
=650  \0$aColonization$xHistory.
=651  \0$aEast Indies.
=651  \0$aAmerica$xDiscovery and exploration.
=700  1\$aJustamond, J. O.$q(John Obadiah),$d-1786,$etranslator.
=700  1\$aCadell, T.$q(Thomas),$d1742-1802,$ebookseller.
=700  1\$aDundas, Charles,$d1751-1832,$eformer owner.$5MnU
=700  1\$aL'Olivette, G. O.,$eformer owner.$5MnU
=926  \\$aMARS
=967  \\$ascs20170325
=968  \\$aRDA ENRICHED
=997  \\$a3902804
=998  \\$aLDR:01508cam#a2200397###4500
=998  \\$b008:780517s1776####enk###########000#0#eng#d
=999  \\$aZ39$bOCLC

