=LDR  01625nam a2200409 a 4500
=001  9923706740001701
=005  20170330042052.0
=008  111102s1776\\\\enk\\\\\\\\\\\000\0\eng\d
=035  \\$a(Aleph)006193385UMN01
=035  \\$aMB6431
=035  \\$a(OCoLC)6349055
=040  \\$aMnU$edcrmb$cMnU
=043  \\$an-us---
=045  \\$av7v8
=050  \4$aE211$b.R75 1775
=099  \9$a1776 Ro
=100  1\$aRokeby, Matthew Robinson-Morris,$cBaron,$d1713-1800.
=245  12$aA further examination of our present American measures and of the reasons and the principles on which they are founded /$cby the author of Considerations on the measures carrying on with respect to the British colonies in North-America.
=260  \\$aBath :$bPrinted by R. Cruttwell for R. Baldwin ... and E. and C. Dilly ... London,$cMDCCLXXVI [1776]
=300  \\$a4 unnumbered pages, 3-256 pages, 4 unnumbered pages (final 2 leaves blank) ;$c21 cm (8vo)
=336  \\$atext$btxt$2rdacontent
=337  \\$aunmediated$bn$2rdamedia
=338  \\$avolume$bnc$2rdacarrier
=340  \\$m8vo$0http://rdaregistry.info/termList/bookFormat/1003
=500  \\$aErrata: page [4] at front.
=500  \\$aAdvertisement: page [3] at front.
=510  4\$aSowerby, E.M. Cat. of the lib. of Thomas Jefferson,$c3056
=510  4\$aESTC$cT95753
=510  4\$aSabin$c72154
=651  \0$aUnited States$xPolitics and government$y1775-1783.
=752  \\$aEngland$dBath.
=926  \\$aMARS
=967  \\$ascs20170325
=968  \\$aRDA ENRICHED
=997  \\$a6349055
=998  \\$aLDR:01527nam#a2200385#a#4500
=998  \\$b008:111102s1776####enk###########000#0#eng#d

