=LDR  01663cam a2200409 a 4500
=001  9923717590001701
=005  20170330042023.0
=008  860313s1776\\\\ne\\\\\\\\\\\\000\0\fre\d
=010  \\$a   93003624 
=035  \\$a(Aleph)006193389UMN01
=035  \\$aMB4528
=035  \\$a(OCoLC)13532445
=040  \\$aRBN$cRBN$dOCLCQ$dDIBAM$dOCLCG$dMnU
=050  04$aJF421$b.S3
=099  \9$a1776 Sc
=100  1\$aSchmid, Georg Ludwig,$d1720-1805.
=245  10$aPrincipes de la législation universelle.
=260  \\$aA Amsterdam :$bChez Marc-Michel Rey,$cMDCCLXXVI [1776]
=300  \\$a2 volumes ;$c20 cm (8vo)
=336  \\$atext$btxt$2rdacontent
=337  \\$aunmediated$bn$2rdamedia
=338  \\$avolume$bnc$2rdacarrier
=340  \\$m8vo$0http://rdaregistry.info/termList/bookFormat/1003
=500  \\$aTitle vignette.
=500  \\$aVolume 1: XX, 389, [3] pages; volume 2: [4], 474, [2] pages.
=505  0\$aT. 1. Des rapports de l'homme avec la nature. Des rapports de l'homme avec la société. De la propriété & de la liberté. Des biens & des richesses. De la subordination dans la société -- t.2. De l'autorité souveraine. Des forces de la société. Des rapports d'une société avec les autres sociétés. De l'instruction nationale. Du bonheur de la société. Des loix positives.
=510  4\$aBM,$cv. 195, column 366.
=650  \0$aLegislation.
=650  \0$aSociology.
=650  \0$aPolitical science.
=926  \\$aMARS
=967  \\$ascs20170325
=968  \\$aRDA ENRICHED
=997  \\$a13532445
=998  \\$aLDR:01667cam#a2200385#a#4500
=998  \\$b008:860313s1776####ne############000#0#fre#d
=999  \\$aZ39$bOCLC

