=LDR  01446nam a2200373 a 4500
=001  9923718450001701
=005  20170330042245.0
=008  111102s1776\\\\enk\\\\\\\\\\\000\0\eng\d
=035  \\$a(Aleph)006193369UMN01
=035  \\$aMB6440
=035  \\$a(OCoLC)518886537
=040  \\$aMnU$edcrmb$cMnU
=043  \\$ae-uk---$an-us---
=050  \4$aHB161
=099  \9$a1776 Po1
=100  1\$aPownall, Thomas,$d1722-1805.
=245  12$aA letter from Governor Pownall to Adam Smith, L.L.D. F.R.S., being an examination of several points of doctrine, laid down in his Inquiry into the nature and causes of the wealth of nations.
=260  \\$aLondon :$bPrinted for J. Almon, opposite Burlington-house, in Piccadilly,$cMDCCLXXVI [1776]
=300  \\$a2 unnumbered pages, 48 pages ;$c29 cm (4to)
=336  \\$atext$btxt$2rdacontent
=337  \\$aunmediated$bn$2rdamedia
=338  \\$avolume$bnc$2rdacarrier
=340  \\$m4to$0http://rdaregistry.info/termList/bookFormat/1002
=510  4\$aSabin$c64823
=600  10$aSmith, Adam,$d1723-1790.$tInquiry into the nature and causes of the wealth of nations.
=650  \0$aEconomics$vEarly works to 1800.
=651  \0$aGreat Britain$xColonies$zAmerica$xAdministration.
=700  1\$aSmith, Adam,$d1723-1790
=926  \\$aMARS
=967  \\$ascs20170325
=968  \\$aRDA ENRICHED
=997  \\$a518886537
=998  \\$aLDR:01355nam#a2200349#a#4500
=998  \\$b008:111102s1776####enk###########000#0#eng#d

