=LDR  01392nam a22004091  4500
=001  9923905410001701
=005  20170330042918.0
=008  850529s1750\\\\fr\\\\\\\\\\\\000\0\fre\d
=035  \\$a(Aleph)000882887UMN01
=035  \\$a(MnU)notisAFF7473
=035  \\$aBELLTRANSFER0868
=035  \\$a(OCoLC)16111687
=040  \\$aMnU$beng$cCaOTULAS
=043  \\$aa-ir---
=050  \4$aDS293
=100  1\$aClairac, Louis-André de La Mamie,$cchevalier de,$d1690-1752.
=245  10$aHistoire de Perse :$bdepuis le commencement de ce siècle.
=260  \\$aA Paris :$b... Chez Charles-Antoine Jombert, libraire ...,$c1750.
=300  \\$a3 volumes ;$c18 cm (12mo)
=336  \\$atext$btxt$2rdacontent
=337  \\$aunmediated$bn$2rdamedia
=338  \\$avolume$bnc$2rdacarrier
=340  \\$m12mo$0http://rdaregistry.info/termList/bookFormat/1004
=500  \\$aDedication, volume 1, signed: La Mamye-Clairac.
=500  \\$aRunning title: Revolutions de Perse.
=500  \\$aCovers 1701-1730.
=504  \\$aBibliography: volume 1, pages l-lxvj.
=651  \0$aIran$xHistory$y16th-18th centuries.
=740  0\$aRevolutions de Perse.
=926  \\$aMARS
=945  \\$aCAT$b1988-05-01$nbao2
=967  \\$ascs20170325
=968  \\$aRDA ENRICHED
=997  \\$a16111687
=998  \\$aLDR:01311nam#a22003851##4500
=998  \\$b008:850529s1750####fr############000#0#fre#d
=999  99$aAFF7473$bUL

