=LDR  01843aam a2200445 a 4500
=001  9965028210001701
=005  20170406061259.0
=008  800606s1779\\\\pau\\\\\\b\\\\000\0\fre\\
=010  \\$a   04007402 
=035  \\$a(Aleph)006277931UMN01
=035  \\$aMB1620
=035  \\$a(OCoLC)6395631
=040  \\$aDLC$edcrmb$cVA@$dDLC$dB2Q$dOCLCG$dMnU
=043  \\$ae-gr---$ae-uk---$an------
=050  00$aJV71$b.S2
=099  \9$a1779 Sa
=100  1\$aSainte-Croix, Guillaume-Emmanuel-Joseph Guilhem de Clermont-Lodève,$cbaron de,$d1746-1809.
=245  10$aDe l'état et du sort des colonies :$bdes anciens peuples : Ouvrage dans lequel on traite du gouvernement des anciennes républiques, de leur droit public, &c. avec des observations sur les colonies des nations modernes, & la conduite des Anglois en Amérique.
=260  \\$aPhiladelphie :$b[publisher not identified],$cMDCCLXXIX [1779]
=300  \\$axiv, 336 page ;$c20 cm (8vo)
=336  \\$atext$btxt$2rdacontent
=337  \\$aunmediated$bn$2rdamedia
=338  \\$avolume$bnc$2rdacarrier
=340  \\$m8vo$0http://rdaregistry.info/termList/bookFormat/1003
=500  \\$aTitle page vignette, head- and tail-pieces.
=500  \\$aSignatures: [star]⁸ (-[star]8) A-X⁸
=504  \\$aIncludes bibliographical references.
=510  4\$aSabin$c75529
=650  \0$aPhoenicians$vEarly works to 1800.
=651  \0$aCarthage (Extinct city)$vEarly works to 1800.
=651  \0$aGreece$xColonies$vEarly works to 1800.
=651  \0$aGreece$xPolitics and government$vEarly works to 1800.
=651  \0$aGreat Britain$xColonies$zAmerica$vEarly works to 1800.
=926  \\$aMARS
=967  \\$ascs20170325
=968  \\$aRDA ENRICHED
=997  \\$a6395631
=998  \\$aLDR:01779aam#a2200421#a#4500
=998  \\$b008:800606s1779####pau######b####000#0#fre##
=SID  \\$aZ39$bOCLC

