=LDR  04409nam a2200589 i 4500
=001  9965056300001701
=005  20170406061032.0
=008  090424m17851786sz\abcff\\\\\\000\0\fre\d
=035  \\$a(Aleph)006709984UMN01
=035  \\$aMB4717
=035  \\$a(OCoLC)864093985
=040  \\$aMnU$beng$erda$edcrmb$cMnU
=044  \\$asz$afr
=099  \9$a1785 Mal
=245  00$aNouveau recueil de voyages au nord de l'Europe et de l'Asie :$bcontenant les extraits des relations de voyages les plus estimées et qui n'ont jamais été publiées en Français /$couvrage traduit de différentes langues, par une société de gens de Lettres, avec des notes, des éclaircissemens, & enrichi de cartes, de vues & de dessins gravés par les meilleurs Artistes.
=246  33$aVoyages en Pologne, Russie, Suéde, Dannemarc
=246  33$aVoyage en Norvége
=264  \1$aA Genève :$bChez Paul Barde, Imprimeur-Libraire ;$a& se trouve à Paris :$bChez Moutard, Imprimeur-Libraire, rue des Mathurins :$b[Chez] Mérigot, le jeune, Libraire, quai des Augustins,$cMDCCLXXXV-MDCCLXXXVI [1785-1786]
=300  \\$a3 volumes :$billustrations, maps, portraits ;$c26 cm (4to)
=336  \\$atext$btxt$2rdacontent
=337  \\$aunmediated$bn$2rdamedia
=338  \\$avolume$bnc$2rdacarrier
=340  \\$m4to$0http://rdaregistry.info/termList/bookFormat/1002
=500  \\$aTitle page vignettes, head- and tail-pieces.
=500  \\$aHalf title page in each volume: Nouveau recueil de voyages, tome ...
=500  \\$aVolumes 2-3 constitute: Voyage en Pologne, Russie, Suède, Dannemarc &c. / par Mr. Willm. Coxe ... ; traduit de l'Anglais, enrichi de notes et des éclaircissemens nécessaires, et augmenté d'um Voyage en Norvège par M. P. H. Mallet, ...
=500  \\$aCollation: volume 1: [iv], viii, 355, [5] pages, 10 unnumbered leaves of plates (2 folded); volume 2: [viii], 428 pages, 8 unnumbered leaves of plates (4 folded); volume 3: [iv], 38, [2] pages, 6 unnumbered leaves of plates (5 folded).
=500  \\$aVolume 1, page [5] in final grouping is blank; volume 3, pages [1-2] in final grouping are blank.
=500  \\$aSignatures: volume 1: a⁶ A-2X⁴ 2Z; volume 2: pi⁴ A-3G⁴ 3H²; volume 3: pi² A-3B⁴
=500  \\$aVoume 1, signature a2 follows a3; leaf 2K2 is missigned M2. Pagination and text continue unbroken over the missing 2Y gathering.
=500  \\$aErrata: volume 1, page [5] in final grouping.
=500  \\$aAdvertisements: volume 1, pages v-viii; volume 3, pages 305-308.
=500  \\$aTitle page for volume 1: the word "Chez" appears once with a bracket to encompass both booksellers' names.
=500  \\$aImprint, volumes 2-3: A Genève : Chez Barde, Manget & Compagnie, Imprimeurs-Libraires ; et se trouve à Paris : Chez Buisson, Libraire, hôtel de Mesgrigny, rue des Poitevins.
=505  0\$aVolume 1. Description des Isles de Scilly / par M. Guillaune Borlase -- Description de l'isle d'Anglesey / par M. Thomas Pennant -- Voyage en Ecosse & aux Isles Hebrides / par M. Th. Pennant -- Description de l'isle de Staffa / par M. de Troel -- Description de l'isle de Saint-Kilda, & des petites Isles voisimes / par Monsieur Kenneth-Macaulay -- Voyage en Ecosse & aux Isles Hebrides / par le decteur Johnson -- Dissertation sur les Montagnards d'Ecosse / par M. le Chev. Dalrymple -- Volume 2-3. Voyage en Pologne, Russie, Suède, Dannemarc &c. / par Mr. Willm. Coxe ... ; traduit de l'Anglais, enrichi de notes et des éclaircissemens nécessaires, et augmenté d'un Voyage en Norvège par M. P. H. Mallet ...
=650  \0$aVoyages and travels$vEarly works to 1800.
=650  \0$aIslands$zScotland$vEarly works to 1800.
=651  \0$aEurope, Northern$xDescription and travel$vEarly works to 1800.
=700  1\$aCoxe, William,$d1747-1828,$eauthor.
=700  1\$aMallet, Paul Henri,$d1730-1807,$ecompiler,$etranslator.
=700  1\$aBarde, Paul,$ebookseller.
=700  1\$aMoutard, Nicolas-Léger,$d1742?-$ebookseller.
=700  1\$aBuisson, François,$d1753-1814,$ebookseller.
=710  2\$aMérigot le jeune (Firm),$ebookseller.
=710  2\$aBarde, Manget & Compagnie,$ebookseller.
=710  2\$aSociété de géographie de Lyon.
=926  \\$aMARS
=967  \\$ascs20170325
=968  \\$aRDA ENRICHED
=997  \\$a864093985
=998  \\$aLDR:04540nam#a2200565#i#4500
=998  \\$b008:090424m17851786sz#abcff######000#0#fre#d

