=LDR  02200cam a2200481 a 4500
=001  9965284690001701
=005  20170406062013.0
=008  850214s1775\\\\gw\ab\\\\\\\\\000\0\ger\d
=035  \\$a(Aleph)006052707UMN01
=035  \\$aMB4516
=035  \\$a(OCoLC)11693740
=037  \\$aDuplicate of OCLC no. 11693740; reported for deletion.
=040  \\$aGZM$cGZM$dOCL$dGZM$dEYM$dMnU
=041  1\$ager$hfre
=043  \\$as-sr---
=090  \\$aF2410$b.F355 1775
=099  \9$a1775 Fe
=100  1\$aFermin, Philippe,$d1720-1790.
=240  10$aDéscription générale, historique, géographique et physique de la colonie de Surinam.$lGerman
=245  10$aD. Philipp Fermins ausführliche historisch-physikalische Beschreibung der Kolonie Surinam /$cauf Veranlassung der Gesellschaft Naturforschender Freunde in Berlin aus deim Französischen übersetzet und mit Anmerkungen begleitet.
=246  3\$aAusführliche historisch-physikalische Beschreibung der Kolonie Surinam
=260  \\$aBerlin :$bBei Joachim Pauli, Buchhändler,$c1775.
=300  \\$a2 volumes :$billustrations, folded map ;$c20 cm (8vo)
=336  \\$atext$btxt$2rdacontent
=337  \\$aunmediated$bn$2rdamedia
=338  \\$avolume$bnc$2rdacarrier
=340  \\$m8vo$0http://rdaregistry.info/termList/bookFormat/1003
=500  \\$aTranslation of: Déscription générale, historique, géographique et physique de la colonie de Surinam, a new edition, revised and enlarged, of his Histoire naturelle de la Hollande équinoxiale.
=510  4\$aSabin$c24115
=650  \0$aNatural history$zSuriname$vEarly works to 1800.
=650  \0$aIndians of South America$zSuriname$vEarly works to 1800.
=650  \0$aSlavery$zSuriname$vEarly works to 1800.
=651  \0$aSuriname$xDescription and travel$y18th century.
=651  \0$aSuriname$xEconomic conditions$y18th century.
=700  1\$aPauli, Joachim,$d1733-1812,$ebookseller.
=710  2\$aGesellschaft Naturforschender Freunde zu Berlin.
=926  \\$aMARS
=967  \\$ascs20170325
=968  \\$aRDA ENRICHED
=997  \\$a11693740
=998  \\$aLDR:02186cam#a2200457#a#4500
=998  \\$b008:850214s1775####gw#ab#########000#0#ger#d
=SID  \\$aZ39$bOCLC

