=LDR  01835cam a2200409 i 4500
=001  9938275370001701
=005  20180802141917.0
=008  861209s1783\\\\xx\\\\\\\\\\\\000\0\fre\d
=035  \\$a(Aleph)006578568UMN01
=035  \\$aMB5693
=035  \\$a(OCoLC)14943249
=040  \\$aCHT$beng$erda$edcrmb$cCHT$dB2Q$dDIBAM$dOCLCQ$dOCLCG$dKRTAS$dOCLCQ$dVA@$dMNU
=041  1\$afre$heng
=043  \\$an-us---
=049  \\$aMNUA
=050  14$aJC178$b.L214 1783
=092  \\$a973.3$bP147
=099  \9$a1783 Pai1
=100  1\$aPaine, Thomas,$d1737-1809
=245  10$aLettre adressée à l'abbé Raynal, sur les affaires de l'Amerique Septentrionale, ou l'on releve les erreurs dans lesquelles cet auteur est tombé, en rendant compte de la Révolution d'Amérique /$ctraduite de l'Anglois de M. Thomas Payne, M.A. de l'Université de Pensilvanie, auteur du pamphlet intitulé le Sens commun & autres ouvrages ; Philadelphie, 1782.
=264  \1$a[Place of publication not identified] :$b[publisher not identified]$c1783.
=300  \\$a[iv], v-xii, 1 unnumbered page, 2-124 pages ;$c20 cm (8vo)
=336  \\$atext$2rdacontent
=337  \\$aunmediated$2rdamedia
=338  \\$avolume$2rdacarrier
=340  \\$m8vo$0http://rdaregistry.info/termList/bookFormat/1003
=600  10$aRaynal,$cabbé$q(Guillaume-Thomas-François),$d1713-1796.$tRévolution de l'Amérique.
=651  \0$aUnited States$xHistory$yRevolution, 1775-1783.
=651  \6$aÉtats-Unis$xPolitique et gouvernement$y1775-1783.
=651  \6$aÉtats-Unis$xHistoire$y1775-1783 (Révolution)
=651  \7$aESTADOS UNIDOS$xHISTORIA$yREVOLUCION, 1775-1783.$2renib
=926  \\$aMARS
=967  \\$ascs20170325
=968  \\$aRDA ENRICHED
=997  \\$a14943249
=998  \\$aLDR:01856cam#a2200397#i#4500
=998  \\$b008:861209s1783####xx############000#0#fre#d

