=LDR  02307nam a2200493 i 4500
=001  9938279920001701
=005  20170402012325.0
=008  130306m17841786dk\\\\\\bb\\\\001\0\ger\d
=035  \\$a(Aleph)006578570UMN01
=035  \\$aMB1058
=035  \\$a(OCoLC)829149833
=040  \\$aMNU$beng$erda$edcrmb$cMNU
=043  \\$ae-dk---$aa-ii---
=049  \\$aMNUA
=099  \9$a1784 He
=100  1\$aHennings, August,$d1746-1826$eauthor.
=245  10$aGegenwärtiger Zustand der Besitzungen der Europäer in Ostindien /$cdurch August Hennings.
=264  \1$aKopenhagen :$bGedruckt bey August Friderich Stein,$c1784-1786.
=300  \\$a3 volumes ;$c20 cm (8vo)
=336  \\$atext$2rdacontent
=337  \\$aunmediated$2rdamedia
=338  \\$avolume$2rdacarrier
=340  \\$m8vo$0http://rdaregistry.info/termList/bookFormat/1003
=500  \\$aVolumes 2 and 3 have imprint: Hamburg und Kiel : bey Carl Ernst Bohn.
=500  \\$aFraktur.
=500  \\$aEach volume has also special title page.
=504  \\$aIncludes bibliographical references and indexes.
=505  0\$a1. Theil. Geschichte des Privathandels und der itzigen Verfassung der Besitzungen der Dänen in Ostindien -- 2. Theil. Geschichte des Carnatiks in Beziehung auf das tanjourische Gebiet und der dänischen Colonie -- 3. Theil. Versuch einer ostindischen Litteratur-Geschichte nebst einer kritischen Beurtheilung der Aechtheit der Zend-Bücher.
=650  \0$aDanes$zIndia.
=650  \0$aIndic literature$xHistory and criticism.
=651  \0$aDenmark$xRelations$zIndia.
=651  \0$aIndia$xRelations$zDenmark.
=651  \0$aCarnatic (India)$xHistory.
=700  1\$aStein, August Friderich,$dactive 1765-1778,$epublisher.
=700  1\$aBohn, Carl Ernst,$epublisher.
=740  02$aGeschichte des Privathandels und der itzigen Verfassung der Bseitzungen der Dänen in Ostindien.
=740  02$aGeschichte des Carnatiks in Beziehung auf das tanjourische Gebiet und der dänischen Colonie.
=740  02$aVersuch einer ostindischen Litteratur-Geschichte nebst einer kritischen Beurtheilung der Aechtheit der Zend-Bücher.
=926  \\$aMARS
=967  \\$ascs20170325
=968  \\$aRDA ENRICHED
=997  \\$a829149833
=998  \\$aLDR:02258nam#a2200469#i#4500
=998  \\$b008:130306m17841786dk######bb####001#0#ger#d

