=LDR  02448nam a2200469Ii 4500
=001  9975673109201701
=005  20181019143712.0
=008  180207s1795\\\\sz\abf\\\\\\\\000\0\ger\d
=035  \\$aMB5371
=035  \\$a(OCoLC)1022214465
=040  \\$aMNU$beng$erda$edcrmb$cMNU
=049  \\$aMNUA
=099  \9$a1795 Mu
=245  00$aSee-Reisen von Engländern, Holländern, Franzosen, Spaniern, Dänen und Russen auf dem Nordmeer :$bnebst dem Tagebuch des von Kapitän Phips jetzt Lord Mulgrav's im Jahr 1773 gethanen Reise nach dem Nordpol : mit Landcharten und Kupfern.
=246  3\$aHerrn Landvogt Engels neuer Versuch über die Lage der nördlichen Gegenden von Asia und Amerika
=264  \1$aBern :$bAuf Kosten der typographischen Societät,$c1795.
=300  \\$a[6], 304, x, 122 pages, VIII, III folded leaves of plates :$billustrations, maps ;$c27 cm (4to)
=336  \\$atext$btxt$2rdacontent
=337  \\$aunmediated$bn$2rdamedia
=338  \\$avolume$bnc$2rdacarrier
=340  \\$m4to$0http://rdaregistry.info/termList/bookFormat/1002
=500  \\$aFraktur.
=500  \\$aNussbiegel, Marianus and Barnes, engravers.
=500  \\$aEngraved armorial title-page vignette
=500  \\$aHead- and tail-pieces, initials, and running page decorations.
=500  \\$aAdditional folded pages included in pagination.
=505  0\$aHerrn Landvogt Engels neuer Versuch über die Lage der nördlichen Gegenden von Asia und Amerika ... ; Schriften, wie die, meist von Herrn Daines Barrington in London im Jahr 1774 und sinther in Druk gegeben worden; Tagebuch des Kapitains Phips über seine Reise nach dem Nordpol; u.s.w.
=651  \0$aNortheast Passage$vEarly works to 1800.
=651  \0$aArctic regions$xDiscovery and exploration$vEarly works to 1800.
=650  \7$aDiscoveries in geography$2fast$0(OCoLC)fst00894950
=651  \7$aArctic Ocean$zNortheast Passage$2fast$0(OCoLC)fst01242520
=651  \7$aArctic Regions$2fast$0(OCoLC)fst01240227
=700  1\$aBarrington, Daines,$d1727-1800.
=700  1\$aMulgrave, Constantine John Phipps,$cBaron,$d1744-1792.
=700  1\$aEngel, Samuel,$d1702-1784.
=700  1\$aNussbiegel, Johann,$d1750-approximately 1829,$eengraver.
=700  1\$aMarianus, Joseph,$d1738-1788,$eengraver.
=909  {dollar}{dollar}$aacat$bMNU$c2018-02-07$dm-mccl$eori
=913  \\$avb16
=997  \\$a1022214465
=998  \\$aLDR:02380nam#a2200433Ii#4500
=998  \\$b008:180207s1795####sz#abf########000#0#ger#d

