=LDR  01964cam a2200433Ia 4500
=001  9975679883901701
=005  20180724142209.0
=008  160928s1795\\\\sp\\\\\\\l\\\f000\0\spa\d
=035  \\$aB1463
=035  \\$a(OCoLC)959428908
=040  \\$aRIBRL$beng$edcrmb$cRIBRL$dOCLCO
=043  \\$an-mx---$ae-sp---
=099  \9$a1795 Sp
=110  1\$aSpain.
=240  10$aReal cédula (1795 Jan. 17)
=245  10$aReal cédula de ereccion del Consulado de Vera-Cruz,:$bexpedida en Aranjuez a XVII de enero de MDCCXCV..
=246  3\$aReal cédula de ereccion del Consulado de Veracruz
=260  \\$aMadrid MDCCXCV. :$bEn la Oficina de don Benito Cano.,$c[1795]
=300  \\$a[2], 54 p. ;$c20 cm. (8vo)
=340  \\$m8vo$0http://rdaregistry.info/termList/bookFormat/1003
=500  \\$aRoman numeral date printed after place of publication on title page.
=500  \\$aDated and signed on p. 53-54: Dada en Aranjuez á 17 de enero de 1795. Yo el Rey. Diego de Gardoqui. V.M. erige un Consulado de comercio en la ciudad de Vera-Cruz para todos los pueblos del distrito de su gobiernacion, y el de Xalapa de la Feria.
=500  \\$aSignatures: a-c⁸ (a1 verso blank) d⁴.
=510  4\$aPalau y Dulcet, A. Manual del librero hispano-americano (2. ed.),$c250370
=500  \\$aEngraved vignette of royal arms on title page.
=610  10$aVeracruz (Veracruz-Llave, Mexico).$bConsulado.
=650  \0$aDiplomatic and consular service, Spanish.
=651  \0$aSpain$xColonies$zCommerce$zAmerica.
=651  \0$aSpain$xCommerce$zMexico.
=651  \0$aMexico$xCommerce$zSpain.
=700  0\$aCharles$bIV,$cKing of Spain,$d1748-1819.
=700  1\$aGardoqui y Arriquibar, Diego,$d1735-1798.
=710  1\$aSpain.$bSovereign (1788-1808 : Charles IV)
=752  \\$aSpain$dMadrid.
=909  \\$acat$bMNU$c2018-02-15$dm-mccl
=913  \\$avb16
=997  \\$a959428908
=998  \\$aLDR:01869cam#a2200397Ia#4500
=998  \\$b008:160928s1795####sp#######l###f000#0#spa#d

