=LDR  01798cam a2200409Ii 4500
=001  9975680006401701
=005  20180724142237.0
=008  830112s1795\\\\ne\abfg\\\\\\\000\0\dut\\
=010  \\$a   06003069 
=035  \\$aMB5215
=035  \\$a(OCoLC)1006982908
=040  \\$aNLC$beng$erda$edcrmb$cNLC$dOCLCO$dOCLCQ$dNLC$dMNU
=041  1\$adut$heng
=049  \\$aMNUA
=055  01$aG420*
=099  \9$a1795 Po
=100  1\$aPortlock, Nathaniel,$d1748?-1817,$eauthor.
=245  10$aReis naar de noord-west kust van Amerika gedaan in de jaren 1785, 1786, 1787, en 1788, door de kapteins Nathaniel Portlock en George Dixon /$cuit derzelver oorspronklijke reisverhalen zamengesteld en vertaald ; met platen.
=264  \1$aTe Amsterdam :$bBij Matthijs Schalekamp,$c1795.
=300  \\$axii, [4], 265, [1] pages, [10] folded leaves of plates :$billustrations, map, music, portraits ;$c22 cm (4to)
=336  \\$atext$btxt$2rdacontent
=337  \\$aunmediated$bn$2rdamedia
=338  \\$avolume$bnc$2rdacarrier
=340  \\$m4to$0http://rdaregistry.info/termList/bookFormat/1002
=500  \\$aSignatures: [star]⁴ [2 star]⁴ A-2K⁴, 2L² (-2L2)
=500  \\$aPage 142 numbered 242; leaf C4 signed C2; leaf C2 unsigned.
=546  \\$aTranslation of: A voyage round the world, but more particularly to the northwest coast of America.
=610  20$aKing George (Ship)
=610  20$aQueen Charlotte (Ship)
=650  \0$aVoyages around the world$vEarly works to 1800.
=651  \0$aNorthwest Coast of North America$xDescription and travel$vEarly works to 1800.
=700  1\$aDixon, George,$d-1800?,$eauthor.
=909  \\$acat$bMNU$c2018-02-15$dm-mccl
=913  \\$avb16
=997  \\$a1006982908
=998  \\$aLDR:01682cam#a2200373Ii#4500
=998  \\$b008:830112s1795####ne#abfg#######000#0#dut##

