=LDR  01771cam a2200397Ii 4500
=001  9975683001901701
=005  20180724142229.0
=008  910709s1796\\\\gw\a\\\\\\\\\\000\0\ger\d
=035  \\$aMB6521
=035  \\$a(OCoLC)24042546
=040  \\$aEMW$beng$erda$edcrmb$cEMW$dOCLCQ$dOCLCG$dOCLCQ$dOCLCA$dOCLCQ$dOCLCO$dMNU
=041  1\$ager$heng
=049  \\$aMNUA
=050  \4$aRA793.C35
=099  \9$a1796 Cha
=100  1\$aChalmers, Lionel,$dapproximately 1715-1777,$eauthor.
=240  10$aAccount of the weather and diseases of South-Carolina.$lGerman.
=245  10$aNachrichten über die Witterung und Krankheiten in Südcarolina :$bNebst John Linings Tabelle über die Aus- und Absonderungen des Körpers im dortigen Klima /$cAus dem Englischen übersetzt.
=250  \\$aNeue Auflage.
=264  \1$aStendal :$bin der Franz und  Grossischen Buchhandlung,$c1796.
=300  \\$a2 volumes in 1 :$bfolded tables ;$c21 cm (8vo)
=336  \\$atext$btxt$2rdacontent
=337  \\$aunmediated$bn$2rdamedia
=338  \\$avolume$bnc$2rdacarrier
=340  \\$m8vo$0http://rdaregistry.info/termList/bookFormat/1003
=500  \\$aFraktur.
=500  \\$aSignatures: volume 1: a⁶ A-N⁸ O²; volume 2: pi² A-N⁸ O⁶ P⁴.
=500  \\$aErrata at end of volume 1.
=500  \\$aA translation of: An account of the weather and diseases of South-Carolina, first published in London, 1776.
=651  \0$aSouth Carolina$xDescription and travel$vEarly works to 1800.
=700  1\$aLining, John,$d1708-1760.$tTabelle über die Aus- und Absonderungen des Körpers im dortigen Klima.
=909  \\$acat$bMNU$c2018-02-19$dm-mccl
=913  \\$avb16
=997  \\$a24042546
=998  \\$aLDR:01711cam#a2200361Ii#4500
=998  \\$b008:910709s1796####gw#a##########000#0#ger#d

