=LDR  01714nam a2200361Ii 4500
=001  9975683095501701
=005  20180724142247.0
=008  180220s1796\\\\dk\\\\\\\\\\\\000\0\dan\d
=035  \\$aMB6518
=035  \\$a(OCoLC)1023658130
=040  \\$aMNU$beng$erda$edcrmb$cMNU
=043  \\$aa------$ae-dk---
=049  \\$aMNUA
=099  \9$a1796 Da (b)
=245  00$aCommissariernes Betænkninger over den opkastede Quæstion: om Factoriernes Vedblivelse eller Ophævelse; foranledigede af Interessenternes Beslutning i General-Forsamlingen, holden den 18. Januarii 1796
=264  \0$aKiöbenhavn :$bTrykt hos Sebastian Popp,$c[1796?]
=300  \\$a94 pages, 3 unnumbered leaves ;$c20 cm (8vo)
=336  \\$atext$btxt$2rdacontent
=337  \\$aunmediated$bn$2rdamedia
=338  \\$avolume$bnc$2rdacarrier
=340  \\$m8vo$0http://rdaregistry.info/termList/bookFormat/1003
=500  \\$aSignatures: A-F⁸ chi²
=500  \\$aHead-piece.
=520  \\$aSix contributions, the longest, dated February 13, 1796, 62 pages, by J.C. van Deurs. The others, dated February 15, are by E. Erichsen, J.L. Zinn, C.C. Ernst, C.W. Duntzfelt, and Dresler.
=501  \\$aBound with: Forskjællige betænkninger, betræffende factoriernes afskaffelse eller vedblivelse foranledigede ved udarbeidelsen af det Asiatiske Compagnies conventions, 1796,$5MnU
=651  \0$aDenmark$xCommerce$zAsia$vEarly works to 1800.
=651  \0$aAsia$xCommerce$zDenmark$vEarly works to 1800.
=700  1\$aPopp, Sebastian,$dactive 1789-1807,$eprinter.
=909  \\$acat$bMNU$c2018-02-20$dm-mccl$eori
=913  \\$avb16
=997  \\$a1023658130
=998  \\$aLDR:01594nam#a2200325Ii#4500
=998  \\$b008:180220s1796####dk############000#0#dan#d

