=LDR  01836nam a2200421Ii 4500
=001  9975683106001701
=005  20180724142244.0
=008  180216s1795\\\\enk\\\\\\\\\\\000\0\eng\\
=035  \\$aMB4560
=035  \\$a(OCoLC)1023515716
=040  \\$aMNU$beng$erda$edcrmb$cMNU
=049  \\$aMNUA
=050  \4$aG440$b.P12 1795
=099  \9$a1795 Pa
=100  1\$aParker, Mary Ann,$d1765 or 1766-1848$eauthor.
=245  12$aA voyage round the world, in the Gorgon man of war :$bcaptain John Parker /$cperformed and written by his widow for the advantrage of a numerous family ; dedicated, by permission, to Her Royal Highness the Princess of Wales.
=264  \1$aLondon :$bPrinted by John Nichols, Red-Lion-Passage, Fleet-Street, and sold by Mr. Debrett, Piccadilly; Mr. Pridden, No. 100, Fleet-Street; Messrs. Wilkie, Paternoster-Row; and Mr. Richardson, at the Royal Exchange,$c1795.
=300  \\$axxxii, 149 pages ;$c22 cm (8vo)
=336  \\$atext$btxt$2rdacontent
=337  \\$aunmediated$bn$2rdamedia
=338  \\$avolume$bnc$2rdacarrier
=340  \\$m8vo$0http://rdaregistry.info/termList/bookFormat/1003
=500  \\$aSignatures: a-b⁸ B-K⁸ L⁸
=500  \\$a"List of subscribers"--Page [ix]-xxvii.
=510  4\$aEnglish short title catalogue,$cT119550.
=600  10$aParker, John,$dapproximately 1749-1794.
=610  20$aGorgon (Ship)
=650  \0$aVoyages around the world$vEarly works to 1800.
=650  \0$aWarships$vEarly works to 1800.
=655  \7$aExploration literature.$2rbgenr
=700  1\$aNichols, John,$d1745-1826,$eprinter.
=700  1\$aDebrett, John,$d-1822,$ebookseller.
=752  \\$aEngland$dLondon.
=909  \\$acat$bMNU$c2018-02-16$dm-mccl$eori
=913  \\$avb16
=997  \\$a1023515716
=998  \\$aLDR:01720nam#a2200385Ii#4500
=998  \\$b008:180216s1795####enk###########000#0#eng##

