=LDR  02461cam a2200565K  4500
=001  9975683308601701
=005  20180724142255.0
=008  990901s1796\\\\it\bcf\\\\\\\\000\0\ita\d
=029  1\$aNZ1$b12882634
=029  1\$aNZ1$b1332903
=029  1\$aNLNZL$b9913329033502836
=035  \\$aMB4491
=035  \\$a(OCoLC)42278112
=040  \\$aNYP$beng$cNYP$dOCL$dOCLCG$dUBY$dKRTAS$dOCLCF$dOCLCO$dOCLCQ$dOCLCO$dOCLCQ$dMNU
=041  1\$aita$hund
=043  \\$an-cn-bc$ap------$ar------
=049  \\$aMNUA
=050  14$aF581.5$b.M474
=099  \9$a1796 Me
=100  1\$aMeares, John,$d1756?-1809
=245  10$aViaggi dalla China alla costa nord-ovest d'America fatti negli anni 1788 e 1789 dal capitano G. Meares.$cPrima traduzione italiana, arricchita di note istoriche-scientifiche, di vedute, marine, ritratti, carta geografica ec. ...
=260  \\$aFirenze,$bA spese di Giovacchino Pagani,$c1796.
=300  \\$a4 volumes$bplates, portraits, maps$c20 cm (8vo.)
=336  \\$atext$btxt$2rdacontent
=337  \\$aunmediated$bn$2rdamedia
=338  \\$avolume$bnc$2rdacarrier
=340  \\$m8vo$0http://rdaregistry.info/termList/bookFormat/1003
=510  4\$aSabin$c47263
=500  \\$aTranslated by Modesto Rastrelli.
=500  \\$aLists of subscribers at end of v. 1 and 2.
=500  \\$aProspectus of "Viaggi del professore Pallas in diverse province dell'impero russo ... Firenze presso Giovacchino Pagani," 2 l., bound in at front of v. 4.
=500  \\$aWith engravings by G. Vascellini and Lasinio.
=500  \\$aIn the original wrappers, with printed labels pasted on spines of v. 1-3.
=541  \\$e56R0254-7.
=650  \0$aIndians of North America$zNorthwest Coast of North America.
=651  \0$aNorthwest Coast of North America.
=651  \0$aVancouver Island (B.C.)
=651  \0$aPacific Ocean.
=651  \0$aNorthwest Passage.
=650  \7$aIndians of North America$2fast$0(OCoLC)fst00969633
=651  \7$aArctic Ocean$zNorthwest Passage.$2fast$0(OCoLC)fst01242546
=651  \7$aBritish Columbia$zVancouver Island$2fast$0(OCoLC)fst01209312
=651  \7$aNorth America$zNorthwest Coast of North America$2fast$0(OCoLC)fst01242545
=651  \7$aPacific Ocean.$2fast$0(OCoLC)fst01243528
=700  1\$aRastrelli, Modesto,$etranslator.
=909  \\$acat$bMNU$c2018-02-21$dm-mccl
=913  \\$avb16
=997  \\$a42278112
=998  \\$aLDR:02337cam#a2200529K##4500
=998  \\$b008:990901s1796####it#bcf########000#0#ita#d

