=LDR  01533nam a2200373Ii 4500
=001  9975683308901701
=005  20180724142255.0
=008  180219s1796\\\\fr\\\\\\\\\\\\000\0\fre\d
=035  \\$aMB1997
=035  \\$a(OCoLC)1023592733
=040  \\$aMNU$beng$erda$edcrmb$cMNU
=043  \\$anwht---
=049  \\$aMNUA
=099  \9$a1796 Ch
=100  1\$aChastenet-Desterre, Gabriel,$eauthor.
=245  10$aConsidérations sur l'état présent de la colonie franc̦aise de Saint-Domingue :$bouvrage politique et législatif, adressé au commerce et aux amis de la prospérité nationale /$cpar Gel. Chast****, créole de Saint-Domingue.
=246  17$aConsidérations sur l'état de l'Isle Saint-Domingue.
=264  \1$a[Paris?] :$b[publisher not identified],$cvendémiaire, l'an 4e. de la République Franc̦aise = Octobre 1796 (vieux-style).
=300  \\$ax, [11]-304 pages ;$c21 cm (8vo)
=336  \\$atext$btxt$2rdacontent
=337  \\$aunmediated$bn$2rdamedia
=338  \\$avolume$bnc$2rdacarrier
=340  \\$m8vo$0http://rdaregistry.info/termList/bookFormat/1003
=500  \\$aSignatures: a⁸ B-T⁸.
=500  \\$aTitle vignette, head- and tail pieces.
=651  \0$aHaiti$xHistory$yTo 1791.
=651  \7$aHaiti$2fast$0(OCoLC)fst01205135
=648  \7$aTo 1791$2fast
=655  \7$aHistory.$2fast$0(OCoLC)fst01411628
=909  \\$acat$bMNU$c2018-02-19$dm-mccl$eori
=913  \\$avb16
=997  \\$a1023592733
=998  \\$aLDR:01497nam#a2200337Ii#4500
=998  \\$b008:180219s1796####fr############000#0#fre#d

