=LDR  02640cam a2200529Ii 4500
=001  9975683375701701
=005  20180724142248.0
=008  080912s1797\\\\fr\af\\\\\\\\\000\0\fre\d
=029  0\$aAU@$b000043391859
=029  1\$aAU@$b000043688625
=035  \\$a(OCoLC)271870246
=040  \\$aAU@$beng$erda$edcrmb$cAU@$dOCLCF$dOCLCO$dOCLCQ$dMNU
=041  1\$afre$heng
=043  \\$apo-----
=049  \\$aMNUA
=050  \4$aG247.A11
=082  04$a910.41$222
=099  \9$a1797 Par
=100  1\$aParkinson, Sydney,$d1745?-1771,$eauthor.
=240  10$aJournal of a voyage to the South Seas.$lFrench
=245  10$aVoyage autour du monde, sur le vaisseau de sa Majesté Britannique l'Endeavour /$cpar Sidney Parkinson ; précédé d'un discours en forme d'introduction sur les principaux navigateurs anglais et français qui ont précédé l'Endeavour ; suivi d'un abrégé des deux derniers voyages du capitaine Cook, avec les planches de l'auteur ; ouvrage traduit de l'anglais par le C. Henri.
=264  \0$aA Paris :$bDe l'Imprimerie de Guillaume, rue de Bacq, no. 940,$can cinquiéme--1797.
=300  \\$a2 volumes in 1 (12, lvi, 344; 309 pages, [6] leaves of plates) :$billustrations ;$c27 cm (4to)
=336  \\$atext$btxt$2rdacontent
=337  \\$aunmediated$bn$2rdamedia
=338  \\$avolume$bnc$2rdacarrier
=340  \\$m4to$0http://rdaregistry.info/termList/bookFormat/1002
=500  \\$aThis is the re-imposed quarto impression noted by Kroepelien of the otherwise identical octavo impression of earlier in the same year.
=500  \\$aPublisher's device on title pages.
=500  \\$aHalf title pages.
=500  \\$aVerso of half-titles: A Paris, Chez Guillaume, rue du Bacq, no. 940; Gide, Place Saint-Sulpice; Berthe, graveur, rue des Noyers, no. 46. Names are bracketed after the word Chez.
=500  \\$aCf. Cook bibliography. 2nd ed, no. 715.
=600  10$aCook, James,$d1728-1779
=610  20$aEndeavour (Ship)
=650  \0$aVoyages around the world$vEarly works to 1800.
=651  \0$aOceania$xDiscovery and exploration$vEarly works to 1800.
=600  17$aCook, James,$d1728-1779.$2fast$0(OCoLC)fst00028644
=610  27$aEndeavour (Ship)$2fast$0(OCoLC)fst00521446
=650  \7$aDiscoveries in geography$2fast$0(OCoLC)fst00894950
=650  \7$aVoyages around the world.$2fast$0(OCoLC)fst01169326
=651  \7$aOceania$2fast$0(OCoLC)fst01242982
=655  \7$aEarly works.$2fast$0(OCoLC)fst01411636
=909  \\$acat$bMNU$c2018-03-01$dm-mccl
=913  \\$avb16
=997  \\$a271870246
=998  \\$aLDR:02580cam#a2200493Ii#4500
=998  \\$b008:080912s1797####fr#af#########000#0#fre#d

