=LDR  01739cam a2200421 i 4500
=001  9975683376201701
=005  20180724142249.0
=008  830519s1797\\\\po\af\\\\b\\\\000\0\por\\
=010  \\$a   83460708 
=035  \\$aMB20115
=035  \\$a(OCoLC)9620471
=040  \\$aDLC$beng$erda$edcrmb$cDLC$dOCLCG$dMBB$dOCLCO$dOCLCF$dOCLCQ$dMNU
=043  \\$as-bl---
=049  \\$aMNUA
=050  04$aSB307.C5$bG35 1797
=082  0\$a633.8/3$219
=099  \9$a1797 No
=100  1\$aGama, Manoel Jacinto Nogueira da,$cmarquês de Baependy,$d1765-1847,$eauthor.
=245  10$aMemoria sobre o loureiro cinnamomo, vulgo caneleira de Ceylaõ /$cpor ordem de Sua Alteza Real o Principe Nosso Senhor composta por Manoel Jacinto Nogueira da Gama ... par acompanhar a remessa das plantas que pelas reaes ordens vaõ ser transportadas ao Brasil ...
=264  \1$aLisboa :$bNa Officina Patriarcal,$canno MDCCXCVII [1797].
=300  \\$a38, [2] pages, [1] leaf of plates :$b1 illustration (engraving) ;$c18 cm (8vo)
=336  \\$atext$btxt$2rdacontent
=337  \\$aunmediated$bn$2rdamedia
=338  \\$avolume$bnc$2rdacarrier
=340  \\$m8vo$0http://rdaregistry.info/termList/bookFormat/1003
=500  \\$aSignatures: A-B⁸ C⁴.
=504  \\$aIncludes bibliographical references.
=650  \0$aCinnamon tree.
=650  \0$aCinnamon tree$zBrazil.
=650  \0$aPlant introduction$zBrazil.
=650  \7$aCinnamon tree.$2fast$0(OCoLC)fst00861529
=650  \7$aPlant introduction.$2fast$0(OCoLC)fst01065495
=651  \7$aBrazil$2fast$0(OCoLC)fst01206830
=909  \\$acat$bMNU$c2018-02-28$dm-mccl
=913  \\$avb16
=997  \\$a9620471
=998  \\$aLDR:01643cam#a2200385#i#4500
=998  \\$b008:830519s1797####po#af####b####000#0#por##

