=LDR  02572cam a2200577Ii 4500
=001  9975683380501701
=005  20180724142259.0
=008  961209s1797\\\\enk\\\\\\\\\\\000\0\fre\d
=035  \\$aMB6513
=035  \\$a(OCoLC)1000753683
=040  \\$aUEJ$beng$erda$edcrmb$cUEJ$dOCLCO$dOCLCF$dOCLCQ$dOCLCO$dOCLCQ$dOCLCO$dMNU
=043  \\$ae-fr---$an------$anw-----
=049  \\$aMNUA
=050  \4$aHB161$b.G64 no. 16981.1
=099  \9$a1797 Mal
=100  1\$aMalouet, Pierre-Victor,$cbaron,$d1740-1814,$eauthor.
=245  10$aLettre à M.S.D., membre du Parlement, sur l'intérêt de l'Europe, au salut des colonies de l'Amérique /$cpar M. Malouet, député de la colonie de St. Domingue.
=246  15$aLettre de M. Malouet, M.S.D., Membre du Parlement, price 1s. 6d.
=264  \1$aA Londres :$bDe l'Imprimerie de Baylis, Greville-street, Holborn, et se trouve chez J. Deboffe, Gerrard-street, & Dulau & Co., Wardour-street, Soho-square,$c1797.
=300  \\$a[4], 36 pages ;$c23 cm (8vo)
=336  \\$atext$btxt$2rdacontent
=337  \\$aunmediated$bn$2rdamedia
=338  \\$avolume$bnc$2rdacarrier
=340  \\$m8vo$0http://rdaregistry.info/termList/bookFormat/1003
=500  \\$a"A Londres" embedded in title page decoration.
=500  \\$aSignatures: [A]² B-E⁴ F².
=500  \\$aFaute à corriger: verso of title page.
=510  4\$aSabin, J. Dictionary of books relating to America from its discovery to the present time,$c44147.
=510  4\$aEnglish short title catalogue,$cT154630.
=510  4\$aGoldsmiths'-Kress library of economic literature,$cno. 16981.1
=650  \0$aColonies.
=650  \0$aSlavery$xColonies$zFrance.
=651  \0$aFrance$xHistory$yRevolution, 1789-1799$xEconomic aspects.
=651  \0$aFrance$xColonies$zAmerica.
=611  27$aRevolution (France : 1789-1799)$2fast$0(OCoLC)fst01354514
=650  \7$aColonies$2fast$0(OCoLC)fst00868456
=650  \7$aEconomics$2fast$0(OCoLC)fst00902116
=650  \7$aFrench colonies.$2fast$0(OCoLC)fst01930852
=650  \7$aSlavery$xColonies.$2fast$0(OCoLC)fst01120434
=651  \7$aAmerica$2fast$0(OCoLC)fst01239786
=651  \7$aFrance$2fast$0(OCoLC)fst01204289
=648  \7$a1789-1799$2fast
=655  \7$aHistory.$2fast$0(OCoLC)fst01411628
=700  1\$aBaylis, Thomas,$eprinter.
=700  1\$aBoffe, Joseph de,$ebookseller.
=710  2\$aA. Dulau & Co.,$ebookseller.
=909  \\$acat$bMNU$c2018-02-27$dm-mccl
=913  \\$avb16
=997  \\$a1000753683
=998  \\$aLDR:02492cam#a2200541Ii#4500
=998  \\$b008:961209s1797####enk###########000#0#fre#d

