=LDR  02783cam a2200613Ii 4500
=001  9975683384501701
=005  20180724142306.0
=008  960705s1797\\\\sw\\\\\\\\\\\\000\0\swe\\
=010  \\$a   04026578 
=019  \\$a220101860
=029  1\$aAU@$b000002793561
=029  1\$aAU@$b000025989329
=029  1\$aNZ1$b12868412
=029  1\$aNZ1$b557303
=029  1\$aNLNZL$b995573033502836
=035  \\$aMB6515
=035  \\$a(OCoLC)35030437
=040  \\$aDLC$beng$cNYP$dDLC$dAU@$dOCLCF$dOCLCQ$dOCLCO$dOCLCA$dMNU
=041  1\$aswe$heng
=043  \\$au------
=049  \\$aMNUA
=050  00$aDU99$b.H94
=082  04$a994.402
=099  \9$a1797 Hu
=100  1\$aHunter, John,$d1737-1821,$eauthor.
=245  10$aJohan Hunters resa til Nya Södra Wallis, ären 1787, följande;$bjämte nyaste underrättelser om engelska nybygget i Port Jackson, Nya Holland och Norfoks-ön,$caf capit. Tench och King samt cap. Edvards resa omkring jorden, åren 1790, 1791, 1792 ... ; Sammandrag.
=246  18$aHunters Resa$5MnU
=264  \0$aStockholm :$bJohan Pfeiffer,$c1797.
=300  \\$a2 preliminary leaves, 283 pages ;$c18 cm (8vo)
=336  \\$atext$btxt$2rdacontent
=337  \\$aunmediated$bn$2rdamedia
=338  \\$avolume$bnc$2rdacarrier
=340  \\$m8vo$0http://rdaregistry.info/termList/bookFormat/1003
=500  \\$aFraktur.
=500  \\$aSignatures: pi² A-S⁸ (-S7-S8)
=500  \\$aEach work has a title page included in the pagination and register.
=500  \\$aHead- and tail-pieces.
=505  0\$aResa til Nya södra Wallis åren 1787 ... / John Hunter -- Berättelse om Engelska nybygget i Port Jackson, från år 1788 til 1792 / Watkin Tench -- Dagbok hållen på Norfolks-Ön från år 1788 til 1790 ... / Philip Gidley King -- Dagbok öfwer Capitain Edwards resa omkring jorden, åren 1790, 91 och 92 / George Hamilton.
=546  \\$aSwedish translation of: An historical journal of the transactions at Port Jackson and Norfolk Island ... (F. 152 and F. 153).
=651  \0$aAustralasia$xDescription and travel$vEarly works to 1800.
=650  \0$aVoyages around the world$vEarly works to 1800.
=650  \7$aTravel$2fast$0(OCoLC)fst01155558
=650  \7$aVoyages around the world.$2fast$0(OCoLC)fst01169326
=651  \7$aAustralasia.$2fast$0(OCoLC)fst01240888
=655  \7$aEarly works.$2fast$0(OCoLC)fst01411636
=700  1\$aTench, Watkin,$d1759?-1833,$eauthor.
=700  1\$aKing, Philip Gidley,$d1758-1808,$eauthor.
=700  1\$aHamilton, George$c(Surgeon),$eauthor.
=700  1\$aPfeiffer, Johan,$d1731-1806,$eprinter.
=909  \\$acat$bMNU$c2018-02-26$dm-mccl
=913  \\$avb16
=997  \\$a35030437
=998  \\$aLDR:02776cam#a2200577Ii#4500
=998  \\$b008:960705s1797####sw############000#0#swe##

