=LDR  01466cam a2200397Ii 4500
=001  9975683400301701
=005  20180724142305.0
=008  001130s1796\\\\enk\\\\\\\\\\\000\0\eng\d
=035  \\$aB202
=035  \\$a(OCoLC)45453964
=040  \\$aYUS$beng$erda$edcrmb$cYUS$dOCLCQ$dOCLCG$dOCLCQ$dMNU
=043  \\$an-us---
=049  \\$aMNUA
=050  \4$aTL152
=099  \9$a1796 Fr
=100  1\$aFranklin, Benjamin,$d1706-1790$eauthor.
=245  10$aInformation to those who would remove to America  /$cwritten some time since by Dr. Benjamin Franklin.
=264  \1$a[London],$b[Barrell and Servanté],$c[1796]
=300  \\$a4 pages ;$c24 x 20 cm (4to)
=336  \\$atext$btxt$2rdacontent
=337  \\$aunmediated$bn$2rdamedia
=338  \\$avolume$bnc$2rdacarrier
=340  \\$m4to$0http://rdaregistry.info/termList/bookFormat/1002
=500  \\$aDrop-head title.
=500  \\$aImprint from colophon.
=500  \\$aPrinted in double columns.
=500  \\$aFirst printed in Paris, 1784.
=500  \\$aWith supplementary remarks by Barrell and Servanté; dated at London, March 24, 1796.
=510  4\$aEnglish short title catalogue,$cN16918.
=651  \0$aUnited States$xEmigration and immigration$vEarly works to 1800.
=710  2\$aBarrell and Servanté,$ebookseller.
=909  \\$acat$bMNU$c2018-02-21$dm-mccl
=913  \\$avb16
=997  \\$a45453964
=998  \\$aLDR:01358cam#a2200361Ii#4500
=998  \\$b008:001130s1796####enk###########000#0#eng#d

