=LDR  01404nam a2200337Ii 4500
=001  9975683401501701
=005  20180724142306.0
=008  180220s1796\\\\dk\\\\\\\\\\\\000\0\eng\d
=035  \\$aMB6520
=035  \\$a(OCoLC)1023658450
=040  \\$aMNU$beng$erda$edcrmb$cMNU
=043  \\$ae-dk---$aa------
=049  \\$aMNUA
=099  \9$a1796 Da1
=245  00$aForskjællige Grunde for og mod Befragtningssystemets Antagelse ved det Danske Asiatiske Compagnie :$btrykte efter de Herrer Interessenteres Beslutning i General-Forsamlingen den 19. Sept. 1796.
=264  \0$aKjöbenhavn :$btrykt hos Hofbogtrykkerne N. Möller og sön,$c[1796?]
=300  \\$a[4], 84 pages, 2 folded leaves of tables ;$c19 cm (8vo)
=336  \\$atext$btxt$2rdacontent
=337  \\$aunmediated$bn$2rdamedia
=338  \\$avolume$bnc$2rdacarrier
=340  \\$m8vo$0http://rdaregistry.info/termList/bookFormat/1003
=500  \\$aSignatures: pi² A-E⁸ F²
=520  \\$aContributions by C. Anker, C.W. Duntzfelt, and Lars Larsen, from June 27 through December 24, 1796.
=651  \0$aDenmark$xCommerce$zAsia$vEarly works to 1800.
=651  \0$aAsia$xCommerce$zDenmark$vEarly works to 1800.
=710  2\$aDanske asiatiske kompagni
=909  \\$acat$bMNU$c2018-02-20$dm-mccl$eori
=913  \\$avb16
=997  \\$a1023658450
=998  \\$aLDR:01297nam#a2200301Ii#4500
=998  \\$b008:180220s1796####dk############000#0#eng#d

