=LDR  01699cam a2200445Ii 4500
=001  9975683403901701
=005  20180724142310.0
=008  891117s1796\\\\enk\\\\\\\\\\\000\0\eng\d
=029  0\$aAU@$b000004539071
=035  \\$aMB1271
=035  \\$a(OCoLC)219778958
=040  \\$aAU@$beng$erda$edcrmb$cAU@$dOCLCQ$dOCLCF$dOCLCO$dOCLCQ$dMNU
=043  \\$ae-uk---$aa-ii---
=049  \\$aMNUA
=050  \4$aHB151
=099  \9$a1796 Co
=245  00$aConsiderations on the attempt of the East-India Company to become manufacturers in Great Britain.
=264  \0$aLondon :$b[publisher not identified],$cprinted in the year 1796.
=300  \\$a[2], 34 pages ;$c28 cm (4to)
=336  \\$atext$btxt$2rdacontent
=337  \\$aunmediated$bn$2rdamedia
=338  \\$avolume$bnc$2rdacarrier
=340  \\$m4to$0http://rdaregistry.info/termList/bookFormat/1002
=510  4\$aC & C,$c308
=510  4\$aEnglish short title catalogue,$cT031492
=610  20$aEast India Company$vEarly works to 1800.
=650  \0$aMonopolies$zIndia$vEarly works to 1800.
=650  \0$aRestraint of trade$zGreat Britain$vEarly works to 1800.
=650  \0$aSilk industry$zGreat Britain$vEarly works to 1800.
=610  27$aEast India Company$2fast$0(OCoLC)fst00537796
=650  \7$aMonopolies.$2fast$0(OCoLC)fst01025673
=650  \7$aRestraint of trade.$2fast$0(OCoLC)fst01096014
=651  \7$aGreat Britain$2fast$0(OCoLC)fst01204623
=651  \7$aIndia$2fast$0(OCoLC)fst01210276
=655  \7$aEarly works.$2fast$0(OCoLC)fst01411636
=909  \\$acat$bMNU$c2018-02-19$dm-mccl
=913  \\$avb16
=997  \\$a219778958
=998  \\$aLDR:01572cam#a2200409Ii#4500
=998  \\$b008:891117s1796####enk###########000#0#eng#d

