=LDR  02031cam a2200445Ii 4500
=001  9975685563701701
=005  20181019143720.0
=008  940517s1802\\\\sw\\\\\\\\\\\\000\0\swe\d
=035  \\$aMB6465
=035  \\$a(OCoLC)77608662
=040  \\$aHVL$beng$erda$edcrmb$cHLS$dOCLCG$dHDC$dOCLCO$dOCLCQ$dOCLCF$dMNU
=043  \\$ae-sw---
=050  14$aHE587.S8$bF4
=099  \9$a1802 Fl
=100  1\$aFlintberg, Jacob Albrecht,$d1750-1804,$eauthor.
=245  10$aAnmärkningar till Sweriges rikes sjö-lag :$bjämte författningarne om hwarje, å utrikes ort wistande Swensk agents, handels-agents eller general handels-agents, med handel och sjöfart gjemenskap ägande skylldigheter och rättigheter /$corda-register, af Jacob Albrecht Flintberg, lagmann, ny och förbättrad upplaga med kongl. maj:ts allernådigste privilegium, dateradt d. 26 November 1793, och ställdt på 20 års tid.
=264  \1$aStockholm :$b[publisher not identified] ;$c1802.
=264  \3$a[Stockholm?] :$bTryckt hos Anders Zetterberg
=300  \\$a[8], 734, [2] pages ;$c23 cm (4to)
=336  \\$atext$btxt$2rdacontent
=337  \\$aunmediated$bn$2rdamedia
=338  \\$avolume$bnc$2rdacarrier
=340  \\$m4to$0http://rdaregistry.info/termList/bookFormat/1002
=500  \\$aSignatures: pi² )(² A-U⁴ W⁴ X-2U⁴ 2W⁴ 2X-3U⁴ 3W⁴ 3X-4B⁴ 4C² ²4C² 4D-4U⁴.
=500  \\$aPages 593-596 and 597-600 are misfoliated.
=546  \\$aIn Swedish.
=500  \\$aErrata on page [736].
=650  \0$aMaritime law$zSweden.
=650  \0$aDiplomatic and consular service$zSweden.
=651  \0$aSweden$xCommerce$y18th century.
=650  \7$aMaritime law$2fast$0(OCoLC)fst01010102
=651  \7$aSweden$2fast$0(OCoLC)fst01204537
=700  1\$aZetterberg, Anders,$eprinter.
=752  \\$aSweden$bStockholm.
=909  \\$acat$bMNU$c2018-08-07$dkkdavis
=913  \\$abellmini17
=981  \\$cTWILS$dBELL
=997  \\$a77608662
=998  \\$aLDR:02030cam#a2200409Ii#4500
=998  \\$b008:940517s1802####sw############000#0#swe#d

