=LDR  02203cam a2200505Ii 4500
=001  9975685563801701
=005  20181019143720.0
=008  860414s1800\\\\enk\\\\\\\\\\\000\0\eng\d
=019  \\$a19938848
=035  \\$aMB6490
=035  \\$a(OCoLC)13431691
=040  \\$aIXA$beng$erda$edcrmb$cIXA$dOCLCQ$dOCLCG$dOCLCQ$dOCLCF$dOCLCQ$dOCLCO$dLSD$dUEJ$dPAU$dMNU
=043  \\$ae-uk---
=050  \4$aHD9041.5$b.Y6 1800
=082  14$a330 G62
=099  \9$a1800 Yo
=100  1\$aYoung, William,$cSir,$d1749-1815$eauthor.
=245  10$aCorn trade :$ban examination of certain commercial principles in their application to agriculture and the corn trade as laid down in the fourth book of Mr. Adam Smith's treatise on the wealth of nations with proposals for revival of the statutes against forestalling, &c.
=246  3\$aExamination of certain commercial principles
=264  \1$aLondon :$bPrinted for John Stockdale, Piccadilly,$c1800.
=264  \3$a[London] :$bS. Gosnell, printer, Little Queen Street, Holborn
=300  \\$a38 pages ;$c21 cm (8vo)
=336  \\$atext$btxt$2rdacontent
=337  \\$aunmediated$bn$2rdamedia
=338  \\$avolume$bnc$2rdacarrier
=340  \\$m8vo$0http://rdaregistry.info/termList/bookFormat/1003
=500  \\$aAnonymous, by Sir William Young.--Cf. ESTC.
=500  \\$aPrinter's imprint on verso of title page.
=500  \\$aSignatures: A-D⁴ E⁴ (-E4?); A1 unsigned.
=510  4\$aESTC$ct034185
=600  10$aSmith, Adam,$d1723-1790.$tInquiry into the nature and causes of the wealth of nations.
=630  07$aInquiry into the nature and causes of the wealth of nations (Smith, Adam)$2fast$0(OCoLC)fst01356351
=650  \0$aGrain trade$zGreat Britain.
=650  \7$aGrain trade.$2fast$0(OCoLC)fst00946068
=651  \7$aGreat Britain$2fast$0(OCoLC)fst01204623
=650  \4$aCHR 1800.
=700  1\$aStockdale, John,$d1749?-1814,$epublisher.
=700  1\$aGosnell, Samuel,$eprinter.
=752  \\$aGreat Britain$bEngland$dLondon.
=909  \\$acat$bMNU$c2018-08-24$dkkdavis
=913  \\$abellmini17
=981  \\$cTWILS$dBELL
=997  \\$a13431691
=998  \\$aLDR:02088cam#a2200469Ii#4500
=998  \\$b008:860414s1800####enk###########000#0#eng#d

