=LDR  02859cam a2200505Ii 4500
=001  9975685564101701
=005  20181019143721.0
=008  900507s1801\\\\ne\f\\\\\\\\\\000\0\dut\d
=035  \\$aMB6461
=035  \\$a(OCoLC)21489973
=040  \\$aKEI$beng$edcrmb$erda$cSER$dOCLCQ$dOCLCG$dHBS$dOCLCQ$dOCLCF$dOCLCQ$dOCLCO$dOCL$dOCLCO$dOCLCA$dMNU
=043  \\$ae-ne---$aas-----$aaz-----$aa-io---
=099  \\$a1801 Ho
=100  1\$aHogendorp, Dirk,$cGraaf van,$d1761-1822,$eauthor.
=245  10$aStukken, raakende den tegenwoordigen toestand der Bataafsche bezittingen in Oost-Indie :$ben den handel op dezelve. Kunnende dienen ter beantwoording der vraag, "Of de handel op Oost-Indie niet anders dan door eene maatschappij, met een uitsluitend voorrecht voorzien, en het bestuur over de bezittingen aldaar hebbende, kan gedreven worden" /$cUitgegeven door Dirk van Hogendorp ; zijnde een vervolg op deszelfs Bericht wegens den tegenwoordigen toestand der Bataafsche bezittingen in Oost-Indie en den handel op dezelve.
=264  \1$aIn den Haage en te Delft :$bby J.C. Leeuwestyn en M. Roelofswaert,$c1801.
=300  \\$a[4], 464 pages, [6] pages of folded plates ;$c21 cm (8vo)
=336  \\$atext$btxt$2rdacontent
=337  \\$aunmediated$bn$2rdamedia
=338  \\$avolume$bnc$2rdacarrier
=340  \\$m8vo$0http://rdaregistry.info/termList/bookFormat/1003
=500  \\$aThe folded leaves are letterpress tables.
=500  \\$aSignatures: pi² A-2F⁸.
=505  0\$aInleiding / door D. W. Hogendorp -- Memorie / van B. V. D. Oudermeulen met de bijlaagen -- Aantekeningen op dezelve memorie / door D. V. Hogendorp met eene bijlaage -- Memorie van een ongenoemden met derzelver wederlegging / door D. V. Hogendorp -- Proeve over  den flaavenhandel / door denzelven.
=500  \\$aBraces in imprint.
=546  \\$aIn Dutch.
=651  \0$aNetherlands$xColonies$zEast Indies.
=651  \0$aIndonesia$xCommerce.
=650  \0$aSlave trade$zIndonesia.
=650  \7$aCommerce$2fast$0(OCoLC)fst00869279
=650  \7$aNetherlandish colonies.$2fast$0(OCoLC)fst01930858
=650  \7$aSlave trade.$2fast$0(OCoLC)fst01120405
=651  \7$aAsia$zEast Indies$2fast$0(OCoLC)fst01245117
=651  \7$aIndonesia$2fast$0(OCoLC)fst01209242
=700  1\$aLeeuwestijn, J. C.,$epublisher.
=700  1\$aRoelofswaert, M.‏‎,$epublisher.
=752  \\$aNetherlands$dHague.
=752  \\$aNetherlands$dDelft.
=776  08$iOnline version:$aHogendorp, Dirk, Graaf van, 1761-1822.$tStukken, raakende den tegenwoordigen toestand der Bataafsche bezittingen in Oost-Indie.$dDen Haag, J.C. Leeuwestyn en M. Roelofswaert, 1801$w(OCoLC)890567998
=909  \\$acat$bMNU$c2018-08-02$dkkdavis
=913  \\$abellmini17
=981  \\$cTWILS$dBELL
=997  \\$a21489973
=998  \\$aLDR:02750cam#a2200469Ii#4500
=998  \\$b008:900507s1801####ne#f##########000#0#dut#d

