=LDR  02633cam a2200517Ii 4500
=001  9975685564201701
=005  20181019143722.0
=008  830518s1801\\\\fr\f\\\\\b\\\\000\0\fre\d
=024  8\$ax280111419
=035  \\$aMB6492
=035  \\$a(OCoLC)940204018
=040  \\$aUEJ$beng$erda$edcrmb$cUEJ$dOCLCF$dOCLCO$dOCLCQ$dGZN$dMNU
=041  1\$afre$hger
=043  \\$ae-urs--
=099  \9$a1801 Fi
=100  1\$aFischer, Johann Eberhard,$d1697-1771,$eauthor.
=240  10$aSibirische Geschichte.$lFrench
=245  10$aRecherches historiques sur les principales nations établies en Sibirie et dans les pays adjaciens lors de la conquête des Russes /$couvrage traduit du russe par M. Stollenwerck.
=264  \1$aA Paris :$bDe l'Imprimerie de Laran et Co.,$c[1801]
=300  \\$axxiv, 295 [that is, 275], [3] pages, 7 folded leaves of letterpress tables ;$c23 cm (8vo)
=336  \\$atext$btxt$2rdacontent
=337  \\$aunmediated$bn$2rdamedia
=338  \\$avolume$bnc$2rdacarrier
=340  \\$m8vo$0http://rdaregistry.info/termList/bookFormat/1003
=546  \\$aIn French; translated from German.
=500  \\$aHalf title.
=500  \\$aSignatures: pi² a⁸ b² 1-17⁸ 18² chi.
=504  \\$aIncludes bibliographical references.
=500  \\$aImprints on half title verso: A Paris : Chez Laran, imprimeur-libraire, aux ci-devant Écoles de Droit, place du Panthéon : Debray, libraire, palais du Tribunat, galeries de bois : Pougens, imprimeur-libraire, quai Voltaire; Deroy, libraire, rue Hautefeuille, no. 34 : Treutell et Wurtz, quai Voltaire ; A Bourges : Chez Prevôt, libraire ; A Metz : Chez Boemer, imprimeur-libraire ; A Strasbourg : Chez Treutell et Wurtz, libraires ; A Lauzanne : Chez Vincent, imprimeur-libraire ; A Lyon : Chez Périsse imprimeur-libraire, petite rue Merciére
=500  \\$aAuthored by Johann Eberhard Fischer.
=500  \\$aDate of publication from Brit. Lib. catalogue.
=500  \\$aPage 3 misnumbered 5; page 273 misnumbered 275; page 275 misnumbered 295.
=500  \\$aErrata page [277] at end.
=651  \0$aSiberia (Russia)$xHistory
=651  \0$aSiberia (Russia)$xDescription and travel.
=651  \7$aRussia (Federation)$zSiberia$2fast$0(OCoLC)fst01243666
=655  \7$aHistory.$2fast$0(OCoLC)fst01411628
=700  1\$aStollenwerck, M.$etranslator.
=710  2\$al'Imprimerie de Laran et Co,$epublisher.
=752  \\$aFrance$dParis.
=909  \\$acat$bMNU$c2018-08-13$dkkdavis
=913  \\$abellmini17
=981  \\$cTWILS$dBELL
=997  \\$a940204018
=998  \\$aLDR:02558cam#a2200481Ii#4500
=998  \\$b008:830518s1801####fr#f#####b####000#0#fre#d

