=LDR  02706nam a22004935i 4500
=001  9975685564301701
=005  20190307164325.0
=008  180220s1801\\\\fr\\ab\\\b\\\\001\0\fre\d
=035  \\$aMB6469
=035  \\$a(OCoLC)773143931
=040  \\$aKIJ$beng$erda$edcrmb$cKIJ$dOCLCQ$dOCLCO$dOCLCF$dMNU
=043  \\$afc-----
=049  \\$aMNUA
=099  \9$a1801 Gr
=100  1\$aGrandpré, L. de$q(Louis),$d1761-1846,$eauthor.
=245  10$aVoyage a la côte occidentale d'Afrique, fait dans les années 1786 et 1787 :$bcontenant la description des moeurs, usages, lois, gouvernement et commerce des États du Congo, fréquentés par les Européens, et un précis de la traite des noirs, ainsi qu'elle avait lieu avant la révolution française : suivi d'un voyage fait au Cap de Bonne-Espérance, contenant la description militaire de cette colonie /$cpar L. Degrandpré, officier de la Marine française : ornés de vues, cartes, et du plan de la citadelle du cap.
=264  \1$aParis :$bDentu, imprimeur-libraire, Palais du Tribunal, galeries de bois, no. 240,$can IX, 1801.
=300  \\$a2 volumes :$billustrations, maps, plates ;$c22 cm (8vo)
=336  \\$atext$btxt$2rdacontent
=337  \\$aunmediated$bn$2rdamedia
=338  \\$avolume$bnc$2rdacarrier
=340  \\$m8vo$0http://rdaregistry.info/termList/bookFormat/1003
=500  \\$aPagination: volume 1. [4], 32, xxviii, 226 pages, [8] folded leaves of plates -- volume 2. [4], 320 pages, [3] folded leaves of plates.
=500  \\$aSignatures: volume 1. pi¹⁸ *⁸ **⁶ 1² 2-14⁸ 15⁶ (-156) -- volume 2. pi² 1-19⁸ [20]⁸.
=500  \\$aErrata on half title verso in volume 2.
=500  \\$aBookseller's advertisement on half title verso in volume 1.
=500  \\$a"Vocabulaire congo" volume 1, pages 156-162.
=500  \\$aHalf title.
=504  \\$aIncludes bibliographical references and index.
=651  \0$aAfrica, Central$xPolitics and government$y18th century.
=651  \0$aAfrica, Central$xSocial life and customs$y18th century.
=651  \0$aAfrica, Central$xReligious life and customs.
=651  \4$aAfrica, Central$xDescription and travel.
=651  \4$aCape of Good Hope (South Africa)$xDescription and travel.
=650  \7$aManners and customs$2fast$0(OCoLC)fst01007815
=650  \7$aPolitics and government.$2fast$0(OCoLC)fst01919741
=651  \7$aCentral Africa$2fast$0(OCoLC)fst01239510
=648  \7$a1700-1799$2fast
=700  1\$aDentu, J. G.$q(Jean-Gabriel),$d1770-1840,$eprinter.
=752  \\$aFrance$dParis.
=909  \\$acat$bMNU$c2018-08-21$dkkdavis
=997  \\$a773143931
=998  \\$aLDR:02699nam#i22004575i#4500
=998  \\$b008:180220s1801####fr##ab###b####001#0#fre#d

