=LDR  03344cam a2200613Ii 4500
=001  9975685564501701
=005  20181019143722.0
=008  680701m18011802ne\\\\\\\\\\\\001\0\dut\d
=019  \\$a977144304
=035  \\$aMB4988
=035  \\$a(OCoLC)222672880
=040  \\$aUTO$beng$erda$edcrmb$cUTO$dOCLCG$dOCLCQ$dOCLCA$dOCLCF$dOCLCO$dOCLCQ$dCNUTO$dOCLCA$dMNU
=043  \\$ae-ne---
=050  \4$aHF3620 A5$bL429 1801
=099  \9$a1801 Le
=100  1\$aLe Moine de L'Espine, Jacques,$d-1696,$eauthor.
=245  13$aDe koophandel van Amsterdam, en andere Nederlandsche steden, naar alle gewesten der waereld :$bbestaende in eene verhandeling van de waren en koopmanschappen, die men daer heen zendt en wederom ontfangt : benevens vergelijkingen der munten, maten en gewigten, en eene aentooning, op welke wijze men over en weêr wisselt als mede eene verhandeling, over de wisselbank, beurs en korenbeurs, 't korenboekji, loon der makelaars, de convooilijst, 't waegboekje, nieuwe bank- rabat- tarra- reductie- en agio-tafels, en alle andere gewigtige zaken, den koophandel betreffende /$contworpen door de L'eping ; vermeerderd door de Long ; en nu op nieuw in eene andere orde gebracht en volgens de voorgevallene veranderingen in de negotie aanmerkelijk vermeerderd en verbeterd.
=250  \\$aTiende druk.
=264  \1$aTe Amsterdam, Dord., Leiden en Harlingen :$bBy J. de Groot, G. Warnars, A. en P. Blussé, S. en J. Luchtmans, en V. van der Plaats,$cMDCCCI-MDCCCII [1801-1802]
=300  \\$a4 volumes ;$c22 cm (8vo)
=336  \\$atext$btxt$2rdacontent
=337  \\$aunmediated$bn$2rdamedia
=338  \\$avolume$bnc$2rdacarrier
=340  \\$m8vo$0http://rdaregistry.info/termList/bookFormat/1003
=500  \\$aHalf titles.
=500  \\$aPagination: volume 1. xiv, 479, [1] pages -- volume 2. viii, 381, [3] -- volume 3. x, 346, [2], 3 leaves of folded plates -- volume 4. [iii]-xii, 379, [17] pages.
=500  \\$aSignatures: volume 1. *⁸ (-1⁸) A-2G⁸ -- volume 2. *⁴ A-2A⁸ (last leaf blank) -- volume 3. *⁴ chi A-X⁸ Y⁴ chi² -- volume 4. *⁶ (-1.6⁸) chi A-2A⁸ 2B⁶.
=500  \\$aIncludes index.
=546  \\$aIn Dutch.
=583  \\$acommitment to retain$c20151204$2pda$5OTUTLD
=651  \0$aAmsterdam (Netherlands)$xCommerce$xHistory.
=650  \0$aWeights and measures$zNetherlands.
=650  \7$aCommerce$2fast$0(OCoLC)fst00869279
=650  \7$aWeights and measures$2fast$0(OCoLC)fst01173497
=651  \7$aNetherlands$2fast$0(OCoLC)fst01204034
=651  \7$aNetherlands$zAmsterdam$2fast$0(OCoLC)fst01204180
=655  \7$aHistory.$2fast$0(OCoLC)fst01411628
=700  1\$aGroot, Jan Willem de.,$epublisher.
=700  1\$aWarnars, G.,$epublisher.
=700  1\$aBlussé, S.,$epublisher.
=700  1\$aLuchtmans, Jordaan,$d1652-1708,$epublisher.
=700  1\$aPlaats, V. van der,$dactive 1770-1803$epublisher.
=700  1\$aLong, Isaäc le,$d1683-1762.
=700  1\$aArrenberg, Reinier,$d1733-1812.
=752  \\$aNetherlands$dAmsterdam.
=752  \\$aNetherlands$dDordrecht.
=752  \\$aNetherlands$dLeiden.
=752  \\$aNetherlands$dHarlingen.
=909  \\$acat$bMNU$c2018-08-13$dkkdavis
=913  \\$abellmini17
=981  \\$cTWILS$dBELL
=997  \\$a222672880
=998  \\$aLDR:03304cam#a2200577Ii#4500
=998  \\$b008:680701m18011802ne############001#0#dut#d

