=LDR  02621cam a2200541Ii 4500
=001  9975685564601701
=005  20181019143723.0
=008  790730s1802\\\\fr\bf\\\\\\\\\001\0\fre\d
=035  \\$aMB4996
=035  \\$a(OCoLC)54749274
=040  \\$aPUL$beng$erda$edcrmb$cPUL$dOCLCQ$dOCLCG$dOCLCA$dOCLCF$dOCLCO$dOCLCQ$dOCLCA$dMNU
=041  1\$afre$heng
=043  \\$aa------
=050  14$aDS7$b.F733 1802
=099  \9$a1802 Fo
=100  1\$aForster, George,$d-1792$eauthor.
=245  10$aVoyage du Bengale à Pétersbourg :$bà travers les provinces septentrionales de l'Inde, le Kachmyr, la Perse, sur la mer Caspienne, etc. : suivi de l'histoire des Rohillahs et celle des Seykes /$cpar feu Georges Forster ; traduit de l'anglais, avec des additions considérables et une Notice chronologique des khans de Crimée, d'après les écrivains Turks, Persans, etc., par L. Langlès ....
=264  \1$aA Paris :$bde l'Imprimerie de Delance,$cAn X (1802).
=300  \\$a3 volumes :$bmaps ;$c25 cm (8vo)
=336  \\$atext$btxt$2rdacontent
=337  \\$aunmediated$bn$2rdamedia
=338  \\$avolume$bnc$2rdacarrier
=340  \\$m8vo$0http://rdaregistry.info/termList/bookFormat/1003
=500  \\$aVols. 1-2 are a translation of the author's A journey from Bengal to England, 1798.
=500  \\$aHalf title pages.
=500  \\$aPaging: volume 1: [4], cxv, [1], 519 pages; volume 2: [2] leaves, 472 pages, [1] folded leaf of plates; volume 3: [2] leaves, 498 pages, [1] leaf, [1] folded leaf of plates.
=500  \\$aSignatures: volume 1: [a]⁸ b⁸ c-l⁴ m⁸ A-V⁸ ; volume 2: pi² A-2F⁸ 2G⁴; volume 3: pi⁴ A-2H⁸ chi².
=500  \\$aIndex for all 3 volumes: volume 1, pages [xix]-cj.
=500  \\$aErrata: volume 3, page [499].
=650  \0$aSikhs$xHistory.
=651  \0$aMiddle East$xDescription and travel.
=651  \0$aIndia$xDescription and travel.
=651  \0$aUttar Pradesh (India)$xHistory.
=651  \0$aCrimea (Ukraine)$xHistory.
=650  \7$aSikhs.$2fast$0(OCoLC)fst01118436
=650  \7$aTravel$2fast$0(OCoLC)fst01155558
=651  \7$aIndia$2fast$0(OCoLC)fst01210276
=651  \7$aIndia$zUttar Pradesh$2fast$0(OCoLC)fst01210277
=651  \7$aMiddle East$2fast$0(OCoLC)fst01241586
=651  \7$aUkraine$zCrimea$2fast$0(OCoLC)fst01265017
=655  \7$aHistory.$2fast$0(OCoLC)fst01411628
=700  1\$aLanglès, L.$q(Louis),$d1763-1824,$etranslator.
=909  \\$acat$bMNU$c2018-07-12$dm-mccl
=913  \\$avb16
=981  \\$cTWILS$dBELL
=997  \\$a54749274
=998  \\$aLDR:02599cam#a2200505Ii#4500
=998  \\$b008:790730s1802####fr#bf#########001#0#fre#d

