=LDR  03458cam a2200661Ii 4500
=001  9975685564801701
=005  20181019143723.0
=008  880301s1801\\\\enkabf\\\b\\\\000\0\eng\d
=016  7\$a000710258$2Uk
=035  \\$aMB10
=035  \\$a(OCoLC)559468018
=040  \\$aUKMGB$beng$erda$edcrmb$cUKMGB$dOCLCQ$dMNU
=041  1\$aeng$hfre
=043  \\$ap------$an-usp--
=050  \4$aG420$b.M32 1801c
=099  \\$a1801 Fl
=100  1\$aFleurieu, C. P. Claret$q(Charles Pierre Claret),$ccomte de,$d1738-1810$eauthor.
=240  10$aVouage autour du monde.$lEnglish
=245  12$aA voyage round the world performed during the years 1790, 1791, and 1792 by Étienne Marchand :$bpreceded by a historical introduction, and illustrated by charts, etc. /$ctranslated from the French of C.P. Claret Fleurieu of the National Institute of Arts and Sciences, and of the Board of Longitude of France.
=264  \1$aLondon :$bPrinted for T.N. Longman & O. Rees, Paternoster-Row; and T. Cadell, Jun. and W. Davies, Strand.,$c1801.
=300  \\$a2 volumes :$billustrations, maps ;$c27 cm (4to)
=336  \\$atext$btxt$2rdacontent
=337  \\$aunmediated$bn$2rdamedia
=338  \\$avolume$bnc$2rdacarrier
=340  \\$m4to$0http://rdaregistry.info/termList/bookFormat/1002
=500  \\$aPagination: volume 1. [8], cxxviii, 361, [7] pages 8 leaves of plates (some folded, 7 maps) -- volume 2. xi, [1], 503, [1], 105, [1] pages.
=504  \\$aIncludes bibliographical references.
=500  \\$aPlates 7 and 8 bound out of order.$5MnU
=500  \\$aSignatures: volume 1. pi⁴ a-q⁴ B-3A⁴ -- volume 2. a⁴ b² B-3S⁴ A-N⁴ O1.
=500  \\$aText printed in part on [pon paper with watermark "1800."
=500  \\$aPlates engraved by J. Russell, J. Bye, S.I. Neele; maps by Beautemps Beaupre.
=500  \\$a"Printed by A. Strahan, Printers-Street"--volume 1 title page verso; "H. Baldwin and Son, Printers, New Bridge-street, London"--volume 2 title page verso.
=546  \\$aIn English; translated from French.
=500  \\$aPublishers advertisements: volume 1 pages [362]-[368]; volume 2 (leaf O1v).
=500  \\$aErrata: volume 1 on page [8]; erratum: volume 2 on leaf b2v.
=600  10$aMarchand, Etienne,$d1755-1793$xTravel.
=610  20$aSolide (Ship)
=650  \0$aDiscoveries in geography$xFrench$vEarly works to 1800.
=650  \0$aScientific expeditions$vEarly works to 1800.
=650  \0$aVoyages around the world$vEarly works to 1800.
=651  \0$aPacific Area$xDiscovery and exploration$xFrench$vEarly works to 1800.
=651  \0$aNorthwest Coast of North America$xDiscovery and exploration$xFrench$vEarly works to 1800.
=700  1\$aBeautemps-Beaupré, Charles François,$d1766-1854,$ecartographer.
=700  1\$aRussell, John,$dactive 1733-1795,$eengraver.
=700  1\$aBye, Joseph P.,$eengraver.
=700  1\$aNeele, Samuel John,$d1758-1824$eengraver.
=700  1\$aStrahan, Andrew,$d-1831,$eprinter.
=710  2\$aT.N. Longman and O. Rees,$epublisher.
=710  2\$aCadell & Davies,$epublisher.
=710  2\$aH. Baldwin and Son,$eprinter.
=752  \\$aGreat Britain$bEngland$dLondon.
=886  2\$2ukmarc$a709$b00$aMARCHAND$hÉtienne$fTraveller$p10025.ee. 9.$x2110190124
=909  \\$acat$bMNU$c2018-08-24$dkkdavis
=913  \\$abellmini17
=981  \\$cTWILS$dBELL
=997  \\$a559468018
=998  \\$aLDR:03384cam#a2200625Ii#4500
=998  \\$b008:880301s1801####enkabf###b####000#0#eng#d

