=LDR  03341cam a2200625Ii 4500
=001  9975685564901701
=005  20181019143723.0
=008  060906s1800\\\\fr\abf\\\b\\\\001\0\fre\d
=035  \\$aMB4551
=035  \\$a(OCoLC)1011762142
=040  \\$aNJR$beng$erda$edcrmb$cNJR$dOCLCO$dOCLCF$dMNU
=041  1\$afre$heng
=043  \\$aa-br---
=050  \4$aDS485.B81$bS814 1800
=099  \9$a1800 Sy
=099  \9$a1800 fSy
=100  1\$aSymes, Michael,$dapproximately 1753-1809.
=240  10$aAccount of an embassy to the kingdom of Ava.$lFrench
=245  10$aRelation de l'ambassade anglaise :$benvoyée en 1795 dans le royaume d'Ava, ou l'empire des Birmans /$cpar le Major Michel Symes chargé de cette ambassade : suivie d'un Voyage fait, en 1798, á colombo, dans l'Ile de Ceylan, et á la Baie de Da Lagoa, sur la côte orientale de l'Afrique, de la description de l'Ile de Carnicobar et des ruines de Mavalipouram ; traduits de l'anglais avec des notes par J. Castéra, avec une collection de 3o Planches in-4o, gravées en taille-douce par J.B.P. Tardieu, dessinées sur les lieux sous les yeux de l'Ambassadeur.
=246  30$aEmpire des Birmans
=264  \1$aA Paris :$bChez F. Buisson, imprimeur-libraire, rue Hautefeuille, no.20,$can IX 1800.
=300  \\$a3 volumes ;$billustrations, maps ;$c21 cm (8vo) +$e1 atlas (XXX leaves of plates ; 35 cm)
=336  \\$atext$btxt$2rdacontent
=337  \\$aunmediated$bn$2rdamedia
=338  \\$avolume$bnc$2rdacarrier
=340  \\$m8vo$0http://rdaregistry.info/termList/bookFormat/1003
=546  \\$aTranslation of: An account of an embassy to the kingdom of Ava.
=546  \\$aIn French; translated from English.
=500  \\$aErrata: volume 1, leaf a4v.
=504  \\$aIncludes bibliographical references and index.
=500  \\$aPagination: volume 1. [4], vii, [1], 380 pages -- volume 2. [4], 396 pages -- volume 3. [2], 318 pages.
=500  \\$aSignatures: volume 1. pi² a⁴ A-Z⁸ 2A⁶ -- volume 2. pi² A-2A⁸ 2B⁶; A1 signed A* -- volume 3. pi A-T⁸ V⁸ (-V8).
=500  \\$a"Plantes rares, trouvées dans le royaume d'Ava" volume 3, pages [71]-105.
=500  \\$aAtlas is a collection of 30 engraved plates intended to accompany the 3 volumes of text; plates engraved by J.B.P. Tardieu, Delignon, Niquet and Delvaux.
=500  \\$aHalf title.
=650  \0$aBritish$zBurma.
=651  \0$aAva (Kingdom)$xDescription and travel.
=651  \0$aBurma$xDescription and travel.
=650  \7$aBritish.$2fast$0(OCoLC)fst00839044
=650  \7$aTravel$2fast$0(OCoLC)fst01155558
=651  \7$aAsia$zAva (Kingdom)$2fast$0(OCoLC)fst01263862
=651  \7$aBurma$2fast$0(OCoLC)fst01207835
=700  1\$aBuisson, François,$d1753-1814,$epublisher.
=700  1\$aCastéra, Jean-Henri,$d1749-1838,$etranslator.
=700  1\$aTardieu, Jean Baptiste Pierre,$d1746-1816,$eengraver.
=700  1\$aDelignon, Jean Louis,$d1755-approximately 1804,$eengraver.
=700  1\$aNiquet, Claude I.,$dapproximately 1770-1831,$eengraver.
=700  1\$aDelvaux, Remi-Henri-Joseph,$d1748-1823,$eengraver.
=752  \\$aFrance$dParis.
=909  \\$acat$bMNU$c2018-08-24$dkkdavis
=913  \\$abellmini17
=981  \\$cTWILS$dBELL
=997  \\$a1011762142
=998  \\$aLDR:03313cam#a2200589Ii#4500
=998  \\$b008:060906s1800####fr#abf###b####001#0#fre#d

