=LDR  01545nam a2200433Ii 4500
=001  9975688202901701
=005  20180724142304.0
=008  180226m17981808it\\\\\\\\\\\\000\0\ita\\
=035  \\$aMB4180
=035  \\$a(OCoLC)46937176
=040  \\$aMNU$beng$erda$edcrmb$cMNU
=041  0\$aita$alat
=043  \\$ae-it---
=049  \\$aMNUA
=050  \4$aHF3589.V4$bM3 1798
=099  \9$a1798 Ma
=100  1\$aMarin, Carlo Antonio,$d1745-1815,$eauthor.
=245  10$aStoria civile e politica del commercio de' Veneziani /$cdi Carlo Antonio Marin, patrizio Veneto.
=264  \0$aIn Vinegia :$bNella stamperia Coleti,$cMDCCLXXXXVIII-MDCCCVIII [1798-1808].
=300  \\$a8 volumes ;$c21 cm (8vo)
=336  \\$atext$btxt$2rdacontent
=337  \\$aunmediated$bn$2rdamedia
=338  \\$avolume$bnc$2rdacarrier
=340  \\$m8vo$0http://rdaregistry.info/termList/bookFormat/1003
=500  \\$aPublisher varies, volumes 3-8: A spese dell' autore.
=500  \\$aTitle page decorations.
=651  \0$aVenice (Italy)$xHistory.
=651  \0$aVenice (Italy)$xCommerce$xHistory.
=650  \7$aCommerce$2fast$0(OCoLC)fst00869279
=651  \7$aItaly$zVenice$2fast$0(OCoLC)fst01204473
=655  \7$aHistory.$2fast$0(OCoLC)fst01411628
=700  1\$aMarin, Carlo Antonio,$d1745-1815,$epublisher.
=700  1\$aColeti,$epublisher.
=752  \\$aItaly$dVenice.
=909  \\$acat$bMNU$c2018-02-26$dm-mccl$eori
=913  \\$avb16
=997  \\$a46937176
=998  \\$aLDR:01420nam#a2200397Ii#4500
=998  \\$b008:180226m17981808it############000#0#ita##

