=LDR  02084cam a2200469Ii 4500
=001  9975688207401701
=005  20180724142315.0
=008  851017s1796\\\\ru\af\\\\\\\\\000\0\ger\\
=010  \\$a   24030370 
=035  \\$aMB4719
=035  \\$a(OCoLC)12682858
=040  \\$aDLC$beng$erda$edcrmb$cDRB$dOCLCQ$dGZM$dOCLCF$dOCLCQ$dMNU
=043  \\$ae-urs--
=049  \\$aMNUA
=050  0\$aDK754$b.S5
=099  \9$a1796 Si
=100  1\$aSievers, Johann$q(Johann Erasmus August Carl),$d1762-1795$eauthor.
=245  10$aBriefe aus Sibirien an seine Lehrer :$bden königl. Grosbritannischen Hofapotheker herrn Brand den königl. Grosbritannischen Botaniker herrn Ehrhart, und den Bergcommissarius und Rathsapotheker herrn Westrumb /$cJohann Sievers, Russischkayserl. Apothekers, der St. Petersburgischen Akademie der Wissenschafter und der freyen ökonomischen Gesellschaft Mitgliedes.
=246  17$aSievers Briefe aus Sibirien.
=246  3\$aJohann Sievers Briefe aus Sibirien.
=264  \1$aSt. Petersburg :$bbey Zacharias Logan,$c1796.
=300  \\$a1 preliminary leaf, 226 pages, 1 folded plate :$billustration ;$c21 cm (8vo)
=336  \\$atext$btxt$2rdacontent
=337  \\$aunmediated$bn$2rdamedia
=338  \\$avolume$bnc$2rdacarrier
=340  \\$m8vo$0http://rdaregistry.info/termList/bookFormat/1003
=500  \\$aSignatures: pi² A-N⁸ O⁸ (-O8) P²
=500  \\$aLeaf A5 missigned K5.
=500  \\$aFraktur.
=500  \\$aAuthor's name precedes title.
=651  \0$aSiberia (Russia)$xDescription and travel$vEarly works to 1800.
=650  \7$aTravel$2fast$0(OCoLC)fst01155558
=651  \7$aRussia (Federation)$zSiberia$2fast$0(OCoLC)fst01243666
=700  1\$aBrande, Augustus Everard,$erecipient.
=700  1\$aEhrhart, Friedrich,$d1742-1795,$erecipient.
=700  1\$aWestrumb, Johann Friedrich,$d1751-1819$erecipient.
=700  1\$aLogan, Zacharias,$ebookseller.
=909  \\$acat$bMNU$c2018-02-23$dm-mccl
=913  \\$avb16
=997  \\$a12682858
=998  \\$aLDR:01981cam#a2200433Ii#4500
=998  \\$b008:851017s1796####ru#af#########000#0#ger##

