=LDR  03300cam a2200661Ii 4500
=001  9975689953401701
=005  20181108141903.0
=008  920310s1800\\\\it\abf\\\b\\\\001\0\ita\\
=010  \\$a   05033278 
=019  \\$a4941350
=035  \\$aB494
=035  \\$a(OCoLC)156752024$z(OCoLC)4941350
=040  \\$aNZ1$beng$erda$edcrmb$cNZ1$dOCLCG$dOCLCA$dSUC$dMBB$dOCLCA$dOCLCF$dOCLCO$dOCLCQ$dOCLCA$dOCLCQ$dNZ1$dMNU
=043  \\$ax------
=050  \4$aG420.M2$bP6 1800
=082  04$a910.41$219
=099  \9$a1800 Pi
=100  1\$aPigafetta, Antonio,$dapproximately 1480-approximately 1534$eauthor.
=245  10$aPrimo viaggio intorno al globo terracqueo :$bossia ragguaglio della navigazione alle Indie orientali per la via d'occidente fatta dal cavaliere Antonio Pigafetta, patrizio vincentino Sulla squadra del Capit. : Magaglianes negli anni 1519-1522 /$cOra pubblicato per la prima volta, tratto da un Codice MS. della Biblioteca Ambrosiana di Milano e corredato di note da Carlo Amoretti ... ; con un transunto del trattato di navigazione dello stesso autore.
=264  \1$aIn Milano :$bNella Stamperia di Giuseppe Galeazzi,$cMDCCC [1800]
=300  \\$aLII, 237, [1] pages, [6] leaves of plates (some folded) :$billustrations (engravings), maps (woodcuts) ;$c30 cm (4to)
=336  \\$atext$btxt$2rdacontent
=337  \\$aunmediated$bn$2rdamedia
=338  \\$avolume$bnc$2rdacarrier
=340  \\$m4to$0http://rdaregistry.info/termList/bookFormat/1002
=500  \\$a"Con licenza de' Superiori."
=500  \\$aHalf title.
=500  \\$aPrinted marginal notations.
=500  \\$aErrata on page 237.
=500  \\$aCoat of arms of Gilberto Borromeo Arese at the head of the dedication.
=500  \\$aWoodcuts: Press figures, printer's device on title page.
=500  \\$aSignatures: [star]⁴ 2[star]-5[star]⁴ 6[star]⁶ [A]⁴ B-2C⁴ 2c⁴ 2D-2E⁴ 2F4 (-2F4); [star]1v, [star]2v, [A]1v, 2F3v blank; B2 signed b2.
=504  \\$aIncludes bibliographical references and index.
=500  \\$a"Raccolta di vocaboli fatta dal cavaliere Antonio Pigafetta": pages 185-204.
=500  \\$a"Transunto del trattato di navigazione del cavaliere Antonio Pigafetta" page 205-226.
=600  10$aMagalhães, Fernão de,$d-1521.
=600  17$aMagalhães, Fernão de,$d-1521.$2fast$0(OCoLC)fst01832186
=630  04$a1800.
=650  \0$aVoyages around the world.
=650  \0$aNavigation.
=650  \7$aNavigation$2fast$0(OCoLC)fst01035085
=650  \7$aVoyages around the world.$2fast$0(OCoLC)fst01169326
=655  \7$aExploration literature.$2rbgenr
=655  \7$aIllustrated works$zItaly$zMilan$y18th century.$2rbgenr
=655  \7$aPrinters' devices (Printing)$zItaly$zMilan$y18th century.$2rbpri
=655  \7$aWatermarks (Paper)$zItaly$y18th century.$2rbpap
=700  1\$aBell, James Ford,$d1879-1961,$eformer owner$5MnU
=700  1\$aAmoretti, Carlo,$d1741-1816.
=700  1\$aGaleazzi, Giuseppe,$eprinter.
=700  1\$aArese, Gilberto Borromeo,$ededicatee.
=710  2\$aFratelli Bordiga,$ecartographer.
=752  \\$aItaly$dMilan.
=909  \\$acat$bMNU$c2018-09-07$dkkdavis
=913  \\$abellmini17
=981  \\$cTWILS$dBELL
=997  \\$a156752024
=998  \\$aLDR:03291cam#a2200649Ii#4500
=998  \\$b008:920310s1800####it#abf###b####001#0#ita##

