=LDR  02537cam a2200445Ii 4500
=001  9975689953601701
=005  20181019143725.0
=008  000608s1802\\\\ne\\\\\\\\\\\\000\0\dut\d
=035  \\$aMB6462
=035  \\$a(OCoLC)44261044
=040  \\$aNYP$beng$edcrmb$erda$cNYP$dOCL$dOCLCQ$dOCLCG$dYUS$dOCLCF$dOCLCQ$dOCLCO$dOCLCQ$dOCLCA$dMNU
=043  \\$aa-io---
=099  \9$a1802 Ho
=100  1\$aHogendorp, Dirk,$cGraaf van,$d1761-1822,$eauthor.
=245  10$aNadere uitlegging en ontwikkeling van het stelsel van Dirk van Hogendorp :$bbenevens een schets, of de hoofdtrekken van een ontwerp voor het toekomstig bestuur over de Bataafsche bezittingen in Oostindien, en den handel op dezelven, volgens de gronden van dit stelzel : in antwoord op het onlangs uitgekomen werk van den gewezenen Commissaris Generaal S. C. Nederburgh, getiteld : Verhandeling over de vragen, of, en in hoe verre, het nuttig en noodzakelijk zijn zoude, de O. I. bezittingen van deezen Staat, ofte sommigen derzelven, te brengen op den voet der West-Indische volkplantingen, en of, en in hoe verre, het voordeeliger voor dit gemeenebest, en deszelfs ingezetenen, zijn zoude, den handel op voorn : bezittingen bij aanhoudenheid door eene uitsluitende compagnie te drijven, dan wel die voor alle 'slands ingezeetenen open te stellen, en in dit laatste geval, op welke voorwaarden, en onder welke bepalingen.
=264  \1$aIn de Hage :$bBij I. van Cleef,$c1802.
=264  \3$aIn den Haag :$bGedrukt by J. J. Stuerman
=300  \\$aviii, 69, [3] pages ;$c22 cm (8vo)
=336  \\$atext$btxt$2rdacontent
=337  \\$aunmediated$bn$2rdamedia
=338  \\$avolume$bnc$2rdacarrier
=340  \\$m8vo$0http://rdaregistry.info/termList/bookFormat/1003
=500  \\$aSignatures: *⁴ A-D⁸ E⁴.
=546  \\$aIn Dutch.
=610  20$aNederlandsche Oost-Indische Compagnie.
=651  \0$aIndonesia$xGovernment.
=651  \0$aIndonesia$xCommerce.
=650  \7$aCommerce$2fast$0(OCoLC)fst00869279
=650  \7$aPolitical science$2fast$0(OCoLC)fst01069781
=651  \7$aIndonesia$2fast$0(OCoLC)fst01209242
=700  1\$aNederburgh, Sebastiaan Cornelis,$d1762-1811.$tVerhangeling over de vragen.
=700  1\$aCleef, Isaac van,$d1748-1803,$epublisher.
=700  1\$aStuerman, Jan Jacob,$d1772-$eprinter.
=752  \\$aNetherlands$dHague.
=909  \\$acat$bMNU$c2018-08-06$dkkdavis
=913  \\$abellmini17
=981  \\$cTWILS$dBELL
=997  \\$a44261044
=998  \\$aLDR:02428cam#a2200409Ii#4500
=998  \\$b008:000608s1802####ne############000#0#dut#d

