=LDR  02134cam a2200505Ii 4500
=001  9975689953701701
=005  20181214150809.0
=008  750716s1802\\\\it\\\\\\\\\\\\000\0aita\\
=010  \\$a   04021373 
=016  7\$a001027207$2Uk
=019  \\$a559168961
=035  \\$a(OCoLC)28794074$z(OCoLC)559168961
=035  \\$aMB6466
=040  \\$aDLC$beng$erda$edcrmb$cCGU$dCUS$dOCLCQ$dOCLCG$dKRTAS$dOCLCQ$dUKMGB$dOCLCF$dOCLCO$dOCLCQ$dOCLCA$dMNU
=043  \\$aa-ii---
=050  04$aDS412$b.P2
=099  \\$a1802 Pa
=100  1\$aPapi, Lazzaro,$d1763-1834,$eauthor.
=245  10$aLettere sull'Indie orientali.
=264  \1$aFiladelfia [that is, Pisa] :$bDalla stampería Klert,$cMDCCCII [1802]
=300  \\$a2 volumes ;$c20 cm (8vo)
=336  \\$atext$btxt$2rdacontent
=337  \\$aunmediated$bn$2rdamedia
=338  \\$avolume$bnc$2rdacarrier
=340  \\$m8vo$0http://rdaregistry.info/termList/bookFormat/1003
=500  \\$aPagination: volume 1. xi, [1]. 260 pages -- volume 2. [2], 6, 277, [3] pages.
=500  \\$aSignatures: volume 1. pi⁶ 1-16⁸ 17² -- volume 2. pi⁴ 1-17⁸ 18⁴.
=500  \\$aFalse imprint. Actually printed at Pisa See Scifoni.
=500  \\$a"Catalogo di libri impressi recentemente e che si trovano in Pisa": leaf 184 recto.
=600  10$aPapi, Lazzaro,$d1763-1834$xTravel$zIndia.
=651  \0$aIndia$xDescription and travel.
=600  17$aPapi, Lazzaro,$d1763-1834.$2fast$0(OCoLC)fst00393135
=650  \7$aTravel.$2fast$0(OCoLC)fst01155558
=651  \7$aIndia$2fast$0(OCoLC)fst01210276
=655  \7$aFalse imprints (Printing)$zItaly$y19th century.$2rbpri
=655  \7$aBooksellers' advertisements$zItaly$y19th century.$2rbgenr
=710  2\$aKlert (Firm),$eprinter.
=752  \\$aItaly$bPisa.
=776  08$iOnline version:$aPapi, Lazzaro, 1763-1834.$tLettere sull'Indie orientali.$dFiladelfia [i.e. Pisa] : Dalla stampería Klert, 1802$w(OCoLC)656588429
=909  \\$acat$bMNU$c2018-11-28$dkkdavis
=913  \\$abellmini17
=981  \\$cTWILS$dBELL
=997  \\$a28794074
=998  \\$aLDR:02102cam#a2200493Ii#4500
=998  \\$b008:750716s1802####it############000#0aita##

