=LDR  02189cam a2200481Ii 4500
=001  9975689953801701
=005  20181019143725.0
=008  771018s1802\\\\fr\abcf\\\\\\\000\0\fre\\
=010  \\$a   02004660 
=019  \\$a166606369
=035  \\$aMB4933
=035  \\$a(OCoLC)3350307
=040  \\$aDLC$beng$erda$edcrmb$cDLC$dVWM$dGZM$dUMS$dCLU$dE8W$dOCLCO$dOCLCF$dOCLCQ$dOCLCO$dOCLCQ$dMNU
=041  1\$afre$heng
=042  \\$apremarc
=043  \\$an-cn---
=050  00$aF1060.7$b.M18 1802
=099  \9$a1802 Mac
=100  1\$aMackenzie, Alexander,$d1764-1820$eauthor.
=245  10$aVoyages d'Alexdre Mackenzie, dans l'intérieur de l'Amérique Septentrionale, faits en 1789, 1792 et 1793 :$ble I.er, de Montréal au fort Chipiouyan et à la mer Glaciale; le 2.me, du fort Chipiouyan jusqu'aux bords de l'océan Pacifique. Précédés d'un tableau historique et politique sur le commerce des pelleteries, dans le Canada /$cTraduites de l'anglais, par J. Castéra, avec des notes et un itinéraire, tirés en partie des papiers du vice-amiral Bougainville.
=246  18$aVoyages dans l'Amerique septentrionale$5MnU
=264  \1$aParis :$bDentu,$can X.--1802.
=300  \\$a3 volumes, [3] leaves of plates :$billustrations, map, portrait ;$c21 cm (8vo)
=336  \\$atext$btxt$2rdacontent
=337  \\$aunmediated$bn$2rdamedia
=338  \\$avolume$bnc$2rdacarrier
=340  \\$m8vo$0http://rdaregistry.info/termList/bookFormat/1003
=500  \\$aHalf title pages.
=651  \0$aNorthwest, Canadian$xDescription and travel.
=650  \0$aIndians of North America$zCanada.
=650  \0$aFur trade$zCanada.
=650  \7$aFur trade.$2fast$0(OCoLC)fst00936407
=650  \7$aIndians of North America.$2fast$0(OCoLC)fst00969633
=650  \7$aTravel$2fast$0(OCoLC)fst01155558
=651  \7$aCanada$2fast$0(OCoLC)fst01204310
=651  \7$aCanada$zCanadian Northwest.$2fast$0(OCoLC)fst01242540
=700  1\$aCastéra, Jean-Henri,$d1749-1838,$etranslator.
=909  \\$acat$bMNU$c2018-07-12$dm-mccl
=913  \\$avb16
=981  \\$cTWILS$dBELL
=997  \\$a3350307
=998  \\$aLDR:02139cam#a2200445Ii#4500
=998  \\$b008:771018s1802####fr#abcf#######000#0#fre##

