=LDR  02087cam a2200469Ii 4500
=001  9975689953901701
=005  20181019143726.0
=008  990223s1802\\\\gw\ab\\\\\\\\\000\0\ger\d
=019  \\$a1020276287
=035  \\$aMB6467
=035  \\$a(OCoLC)316570006
=040  \\$aNLE$beng$erda$edcrmb$cNLE$dOCLCO$dOCLCQ$dMNU
=041  1\$ager$heng
=043  \\$an-cn---
=050  \4$aF1060.7$b.M165 1802
=099  \9$a1802 Ma1
=100  1\$aMackenzie, Alexander,$d1764-1820$eauthor.
=240  10$aVoyages from Montreal through the continent of North America, &c.$lGerman.$f1802
=245  10$aAlexander Mackenzie's, Esq., Reisen von Montreal durch Nordwestamerika nach dem Eismeer und der Süd-See in den Jahren 1789 und 1793 :$bnebst einer Geschichte des Pelzhandels in Canada : aus dem Englischen, mit einer allgemeinen Karte und dem Bildnisse des Verfassers.
=246  3\$aReisen von Montreal durch Nordwestamerika
=264  \1$aBerlin und Hamburg :$b[publisher not identified],$c1802.
=300  \\$a[4], 408 (that is, 508 pages :$bmap (folded),  portrait ;$c21 cm (8vo)
=336  \\$atext$btxt$2rdacontent
=337  \\$aunmediated$bn$2rdamedia
=338  \\$avolume$bnc$2rdacarrier
=340  \\$m8vo$0http://rdaregistry.info/termList/bookFormat/1003
=490  1\$aBibliothek der neuesten und interessantesten Reisebeschreibungen ;$vBd. 12
=500  \\$aSignatures: pi² A-2H⁸ 2I⁶.
=500  \\$aTranslation of: Voyages from Montreal.
=500  \\$aPage 508 misnumbered 408.
=651  \0$aNorthwest, Canadian$xDescription and travel.
=650  \0$aIndians of North America$zCanada.
=650  \0$aIndians of North America$xLanguages$vGlossaries, vocabularies, etc.
=650  \0$aFur trade$zCanada.
=700  1\$aWeber, F.$q(Franz),$d1760-1818,$eengraver.
=830  \0$aBibliothek der neuesten und interessantesten Reisebeschreibungen ;$vBd. 12.
=909  \\$acat$bMNU$c2018-08-06$dkkdavis
=913  \\$abellmini17
=981  \\$cTWILS$dBELL
=997  \\$a316570006
=998  \\$aLDR:01975cam#a2200433Ii#4500
=998  \\$b008:990223s1802####gw#ab#########000#0#ger#d

