=LDR  02970cam a2200541Ii 4500
=001  9975689954001701
=005  20181108125507.0
=008  881104s1801\\\\sw\\\\\\\b\\\\000\0\swe\d
=035  \\$aMB6463
=035  \\$a(OCoLC)82135842
=040  \\$aRPJCB$beng$erda$edcrmb$cRBN$dOCLCG$dOCLCF$dOCLCO$dOCLCQ$dOCLCO$dOCLCQ$dOCLCO$dMNU
=041  1\$aswe$heng$hfre
=043  \\$af-sj---$af-ua---$afd-----
=099  \9$a1801 Oe
=100  1\$aBrowne, William George,$d1768-1813,$eauthor.
=240  10$aTravels in Africa, Egypt, and Syria.$kSelections.$lSwedish
=245  10$aÄngelsmannens, W.G. Brownes Resa til Africanska konunga-riket Fur, och Frantsmannens, Follies, genom Africanska öknen Sahara :$bJämte Bihang af den förres försök at uptäcka läget af Jupiter Ammons fordna Tempel.
=264  \1$aStockholm :$bTryckt i Kongl. Ordens Boktryckeriet hos assessoren Johan Pfeiffer,$cår 1801.
=300  \\$a[4], 188 pages ;$c18 cm (8vo)
=336  \\$atext$btxt$2rdacontent
=337  \\$aunmediated$bn$2rdamedia
=338  \\$avolume$bnc$2rdacarrier
=340  \\$m8vo$0http://rdaregistry.info/termList/bookFormat/1003
=500  \\$aA collection of extracts, in Swedish translation, from two works about travels to Northern Africa, edited by Samuel Lorens Ödmann. 1) Travels in Africa, Egypt, and Syria, from the year 1792 to 1798 / William George Browne. London, 1799; and 2) Voyage dans les déserts du Sahara / Adrien-Jacques Follie. Paris, 1792.
=500  \\$aSignatures: pi² A-L⁸ M⁶ (leaves M5.6 conjugate, gathered separately from leaves M1-4; pi1 verso blank).
=500  \\$aW.G. Brownes Resa til Fur (pages [1]-74) -- Folliehs Resor i öknen Sahara (pages [75]-174) -- Bihang. Browns Resa i Africanska öknen, at uptäcka fornlemningar efter Jupiter Ammons Tempel (pages [175]-188).
=500  \\$aForeword signed: Samuel Ödmann.
=504  \\$aIncludes bibliographical references.
=546  \\$aIn Swedish; translated from English and French$b(Fraktur).
=651  \0$aDarfur (Sudan)
=651  \0$aEgypt$xDescription and travel.
=651  \0$aSahara$xDescription and travel.
=650  \7$aTravel$2fast$0(OCoLC)fst01155558
=651  \7$aEgypt$2fast$0(OCoLC)fst01208755
=651  \7$aSahara$2fast$0(OCoLC)fst01242088
=651  \7$aSudan$zDarfur$2fast$0(OCoLC)fst01208115
=700  1\$aPfeiffer, Johan,$d1731-1806,$epublisher.
=700  1\$aÖdmann, Samuel,$d1750-1829,$etranslator,$ewriter of foreword.
=700  1\$aFollie, Adrien-Jacques,$d1746-1803.$tVoyage dans les déserts du Sahara.$kSelections.$lSwedish.
=740  0\$aResa til Africanska konunga-riket Fur.
=740  0\$aÄngelsmannens, William George Brownes Resa til Africanska konunga-riket Fur.
=752  \\$aSweden$dStockholm.
=909  \\$acat$bMNU$c2018-08-10$dkkdavis
=913  \\$abellmini17
=981  \\$cTWILS$dBELL
=997  \\$a82135842
=998  \\$aLDR:02965cam#a2200505Ii#4500
=998  \\$b008:881104s1801####sw#######b####000#0#swe#d

