=LDR  03807cam a2200769Ii 4500
=001  9975689954101701
=005  20181019143706.0
=008  870915s1802\\\\sp\a\\\\\b\\\\000\0\spa\\
=010  \\$az  01015656 
=035  \\$aB207
=035  \\$a(OCoLC)16692753
=040  \\$aDLC$beng$erda$edcrmb$cORX$dOCL$dOCLCQ$dOCLCG$dCLU$dWAU$dOCLCF$dOCLCQ$dNTE$dOCLCA$dMNU
=043  \\$an-cn-bc$an-usp--$ar------
=049  \\$aMNUA
=050  04$aF851.5$b.E77
=082  04$a917.97041
=099  \9$a1802 Es
=100  1\$aEspinosa y Tello, Josef,$d1763-1815,$eauthor.
=245  10$aRelacion del viage hecho por las goletas Sutil y Mexicana en el anõ de 1792 para reconocer el estrecho de Fuca :$bcon una introduccion en que se da noticia de las expediciones executadas anteriormente por los españoles en busca del paso del noroeste de la América.
=264  \1$aMadrid :$bEn la Imprenta Real,$caño de 1802.
=300  \\$a[16], clxviii, 185, [3] pages :$bfolded table ;$c22 cm (4to) +$eatlas (2 leaves, 17 plates (some folded) : 9 maps ; 31 cm)
=336  \\$atext$btxt$2rdacontent
=337  \\$aunmediated$bn$2rdamedia
=338  \\$avolume$bnc$2rdacarrier
=340  \\$m4to$0http://rdaregistry.info/termList/bookFormat/1002
=500  \\$a"De órden del rey."
=500  \\$a"Vocabulario del idioma de los habitantes de Nutka": pages 178-184.
=500  \\$aPrinted marginal notes.
=500  \\$aErrata on page 185.
=500  \\$aSignatures: *⁴ **⁴ a-x⁴ A-Z⁴ 2A² (last leaf blank).
=500  \\$aThe atlas has title: Atlas para el viage de las goletas Sutil y Mexicana el reconocimiento del estrecho de Juan de Fuca en 1792, publicado en 1802 (2 leaves, 17 plates (some folded) : 9 maps).
=504  \\$aIncludes bibliographical references.
=510  4\$aSmith, C.W. Pacific Northwest (3rd ed.),$c2887
=651  \0$aJuan de Fuca, Strait of (B.C. and Wash.)
=651  \0$aNorthwest Passage.
=651  \0$aNorthwest Coast of North America.
=651  \0$aBritish Columbia$xDescription and travel
=651  \0$aVancouver Island (B.C.)
=650  \0$aNootka Indians.
=650  \0$aNootka language$vGlossaries, vocabularies, etc.
=651  \0$aSpain$xDiscovery and exploration.
=610  20$aSutil (Ship)
=610  20$aMexicana (Ship)
=610  27$aMexicana (Ship)$2fast$0(OCoLC)fst00574346
=610  27$aSutil (Ship)$2fast$0(OCoLC)fst00574347
=650  \7$aDiscoveries in geography$2fast$0(OCoLC)fst00894950
=650  \7$aNootka Indians.$2fast$0(OCoLC)fst01039072
=650  \7$aNootka language$2fast$0(OCoLC)fst01039079
=650  \7$aTravel$2fast$0(OCoLC)fst01155558
=651  \7$aArctic Ocean$zNorthwest Passage.$2fast$0(OCoLC)fst01242546
=651  \7$aBritish Columbia$2fast$0(OCoLC)fst01205265
=651  \7$aBritish Columbia$zVancouver Island$2fast$0(OCoLC)fst01209312
=651  \7$aNorth America$zNorthwest Coast of North America$2fast$0(OCoLC)fst01242545
=651  \7$aPacific Ocean$zStrait of Juan de Fuca$2fast$0(OCoLC)fst01713607
=651  \7$aSpain$2fast$0(OCoLC)fst01204303
=655  \7$aGlossaries, vocabularies, etc.$2fast$0(OCoLC)fst01423786
=700  1\$aNavarrete, Martín Fernández de,$d1765-1844.
=700  1\$aAlcalá-Galiano, Dionisio,$d1760-1805.
=700  1\$aValdés Flores Bazán y Peón, Cayetano,$d1767-1835.
=700  1\$aBell, James Ford,$d1879-1961,$eformer owner.$5MnU
=710  2\$aImprenta Real (Spain),$epublisher.
=752  \\$aSpain$dMadrid.
=776  08$iOnline version:$aEspinosa y Tello, Josef, 1763-1815.$tRelacion del viage hecho por las goletas Sutil y Mexicana en el anõ de 1792.$dMadrid, Imprenta real, 1802$w(OCoLC)670357097
=909  \\$acat$bMNU$c2018-08-08$dkkdavis
=997  \\$a16692753
=998  \\$aLDR:03781cam#a2200733Ii#4500
=998  \\$b008:870915s1802####sp#a#####b####000#0#spa##

