=LDR  03966cam a2200577Ii 4500
=001  9975689954201701
=005  20190111102848.0
=008  840919s1802\\\\gw\bf\\\\\\\\\000\0dger\d
=035  \\$a(OCoLC)877088118
=035  \\$aMB5285
=040  \\$aNLE$beng$erda$edcrmb$cNLE$dOCLCQ$dOCLCO$dOCLCF$dUAF$dOCL$dMNU
=043  \\$an-cn---$ar------$an-cn-nt
=050  \4$aHD9944.C23
=100  1\$aSprengel, M. C.$q(Matthias Christian),$d1746-1803,$eauthor,$eeditor.
=245  10$aAlexander Mackenzie's Reise nach dem nördlichen Eismeere vom 3. Jun. bis 12. September 1798.  Aus dem Englischen überseszt und mit Anmerkungen versehen /$cherausgegeben von M.C. Sprengel.
=246  1\$iTitle should read:$aAlexander Mackenzie's Reise nach dem nördlichen Eismeere vom 3. Jun. bis 12. September 1789
=246  15$aAlexander Mackenzie's Reise vom Fort Chipewyan nach dem nördlichen Eismeere, vom 3 Jun. bis 12 Sept. 1798. Aus dem Englischen übersetzt und mit Anmerkungen versehen
=264  \1$aWeimar :$bIm Verlage des Landes-Industrie-Comptoirs,$c1802.
=300  \\$a[2], 61, [1] pages, [1] folded leaf of plates :$bfolded map (hand colored) ;$c21 cm (8vo)
=336  \\$atext$btxt$2rdacontent
=337  \\$aunmediated$bn$2rdamedia
=338  \\$avolume$bnc$2rdacarrier
=340  \\$m8vo$0http://rdaregistry.info/termList/bookFormat/1003
=500  \\$a"Mit einer Charte."
=500  \\$aSignatures: pi² A-C⁸ D⁸ (-D8?).
=546  \\$aIn German$b(Fraktur).
=500  \\$aTitle of the folded map: "Charte von Mackenzie's Reisen von Montreal zu dem nördlichen Eis- und dem Stillen Meere."
=505  0\$aEinleitung und Darstellung des Pelzhandels im westlichen Canada -- Mackenzie's Reise vom Chipewyan, nach dem nördlichen Eismeere, vom 3. Junius bis zum 12 September 1798 [that is, 1789] -- Mackenzie's zweite Reise durch das nordwestliche Canada bis an die Südsee vom 9. Mai 1793, bis zum 24. Aug. desselben Jahres.
=520  \\$aAt first glance this book appears to be a translation by M.C. Sprengel from English into German. In actual fact, the work is mostly by M.C. Sprengel about Alexander Mackenzie, but may contain some translated passages. M.C. Sprengel apparently consulted the original English writings of Alexander Mackenzie while writing this book. The title indicates this work is about Mackenzie's trip to the Arctic Ocean. However the section on the trip to the Arctic Ocean is only 8 pages long and the section covering his second trip (to reach the Pacific) in 1793 is 21 pages. The largest section of the book (about 29 pages) covers the fur trade in Western Canada. The title of the book indicates the Arctic Ocean trip took place in 1798. In actuallity it was in 1789.
=650  \0$aFur trade$zCanada, Western$y19th century.
=651  \0$aCanada, Western$xDiscovery and exploration$y18th century.
=651  \0$aMackenzie River (N.W.T.)$xDiscovery and exploration$y18th century.
=651  \0$aArctic Coast (Canada)$xDiscovery and exploration$y18th century.
=600  10$aMackenzie, Alexander,$d1764-1820
=600  17$aMackenzie, Alexander,$d1764-1820$2fast$0(OCoLC)fst01719440
=650  \7$aDiscoveries in geography.$2fast$0(OCoLC)fst00894950
=650  \7$aFur trade.$2fast$0(OCoLC)fst00936407
=651  \7$aCanada$zArctic Coast.$2fast$0(OCoLC)fst01240221
=651  \7$aWestern Canada$2fast$0(OCoLC)fst01692641
=651  \7$aNorthwest Territories$zMackenzie River.$2fast$0(OCoLC)fst01242253
=648  \7$a1700-1899$2fast
=700  1\$aMackenzie, Alexander,$d1764-1820$eauthor.
=710  2\$aVerlag des Industrie Comptoirs,$epublisher.
=740  02$aCharte von Mackenzie's Reisen von Montreal zu dem nördlichen Eis- und dem Stillen Meere.
=752  \\$aGermany$dWeimar (Thuringia).
=909  \\$acat$bMNU$c2018-12-18$dkkdavis
=913  \\$abellmini17
=981  \\$cTWILS$dBELL
=997  \\$a877088118
=998  \\$aLDR:03965cam#a2200565Ii#4500
=998  \\$b008:840919s1802####gw#bf#########000#0dger#d

