=LDR  02505cam a2200589Ii 4500
=001  9975689954301701
=005  20181019143706.0
=008  000131s1802\\\\dk\\\\\\\\\\\\000\0\dan\d
=035  \\$aMB2716
=035  \\$a(OCoLC)945081777
=040  \\$aE8W$beng$erda$edcrmb$cE8W$dOCLCO$dOCLCF$dMNU
=041  1\$adan$heng
=043  \\$an-cn---
=082  \4$a917.19041$bH436
=099  \9$a1802 He
=100  1\$aHearne, Samuel,$d1745-1792,$eauthor.
=240  10$aJourney from Prince of Wales's fort in Hudson's Bay to the Northern Ocean.$lDanish
=245  10$aDagbog paa en opdagelsesreise til lands fra Prinds af Wallis-Fort ved Hudsons-Bayen til Jishavet /$caf Samuel Hearne; oversat af J. Werfel.
=264  \1$aKjøbenhavn,$bPaa A. & S. Goldins forlag.$c1802.
=264  \3$a[Copenhagen?] :$bTrykt hos J. B. Besony's enke
=300  \\$a[2], 370 pages ;$c17 cm (8vo)
=336  \\$atext$btxt$2rdacontent
=337  \\$aunmediated$bn$2rdamedia
=338  \\$avolume$bnc$2rdacarrier
=340  \\$m8vo$0http://rdaregistry.info/termList/bookFormat/1003
=500  \\$aSignatures: pi A-Y⁸ Z⁸(-Z8) 2A².
=500  \\$aPage 323 misnumbered as 332.
=546  \\$aIn Danish; translated from English.$b(Fraktur)
=500  \\$aDanish translation of A journey from Prince of Wale's Fort in Hudson's Bay, to the Northern Ocean. London : Printed for A. Strahan and T. Cadell, 1795.
=651  \0$aNorthwest, Canadian$xDescription and travel.
=650  \0$aIndians of North America$zNorthwest, Canadian.
=650  \0$aNatural history$zNorthwest, Canadian.
=650  \0$aMines and mineral resources.
=650  \0$aCopper.
=651  \0$aNorthwest Passage.
=650  \7$aCopper.$2fast$0(OCoLC)fst00878331
=650  \7$aIndians of North America.$2fast$0(OCoLC)fst00969633
=650  \7$aMines and mineral resources$2fast$0(OCoLC)fst01022541
=650  \7$aNatural history.$2fast$0(OCoLC)fst01034268
=650  \7$aTravel$2fast$0(OCoLC)fst01155558
=651  \7$aArctic Ocean$zNorthwest Passage.$2fast$0(OCoLC)fst01242546
=651  \7$aCanada$zCanadian Northwest.$2fast$0(OCoLC)fst01242540
=700  0\$aJ. B. Besony's enke,$eprinter.
=700  1\$aWerfel, Johan,$d1764-1831,$etranslator.
=710  2\$aA. & S. Goldins forlag,$epublisher
=752  \\$aDenmark$bCopenhagen.
=909  \\$acat$bMNU$c2018-08-07$dkkdavis
=913  \\$abellmini17
=981  \\$cTWILS$dBELL
=997  \\$a945081777
=998  \\$aLDR:02388cam#a2200553Ii#4500
=998  \\$b008:000131s1802####dk############000#0#dan#d

