=LDR  01790cam a2200457Ii 4500
=001  9975689954601701
=005  20181019143706.0
=008  970829s1800\\\\sw\\\\\\\\\\\\001\0\swe\d
=035  \\$aMB6464
=035  \\$a(OCoLC)794871500
=040  \\$aNLE$beng$edcrmb$erda$cNLE$dOCLCF$dOCLCQ$dMNU
=041  1\$aswe$heng
=043  \\$af------
=099  \9$a1800 Par2
=100  1\$aPark, Mungo,$d1771-1806,$eauthor.
=240  10$aTravels in the interior districts of Africa.$lSwedish.$f1800
=245  10$aMungo Parks resa i det inre af Africa, åren 1795 til 1797 :$bsammandrag.
=264  \1$aStockholm :$bTryckt i Kongl. Ordens Boktryckeriet hos assessoren Johan Ffeiffer (that is, Pfeiffer),$cůr 1800.
=300  \\$a[16], 359, [9] pages ;$c18 cm (8vo)
=336  \\$atext$btxt$2rdacontent
=337  \\$aunmediated$bn$2rdamedia
=338  \\$avolume$bnc$2rdacarrier
=340  \\$m8vo$0http://rdaregistry.info/termList/bookFormat/1003
=500  \\$aIncludes index.
=500  \\$aSignatures: )(⁸ A-Z⁸; verso of Z4 signed ):(; verso of Z5 signed ):(2; verso of Z6 ):(3.
=500  \\$aFraktur.
=546  \\$aTranslated from: Travels in the interior districts of Africa.
=546  \\$aIn Swedish; translated from English.
=500  \\$aTranslated by Samuel Ödmann.
=651  \0$aAfrica$xDescription and travel.
=650  \7$aTravel$2fast$0(OCoLC)fst01155558
=651  \7$aAfrica.$2fast$0(OCoLC)fst01239509
=700  1\$aPfeiffer, Johan,$d1731-1806,$epublisher.
=700  1\$aÖdmann, Samuel,$d1750-1829,$etranslator.
=752  \\$aSweden$dStockholm.
=909  \\$acat$bMNU$c2018-07-23$dkkdavis
=913  \\$abellmini17
=981  \\$cTWILS$dBELL
=997  \\$a794871500
=998  \\$aLDR:01696cam#a2200421Ii#4500
=998  \\$b008:970829s1800####sw############001#0#swe#d

