=LDR  01908cam a2200421Ii 4500
=001  9975689954701701
=005  20181019143706.0
=008  810424s1802\\\\enk\\\\\\\\\\\000\0\eng\d
=019  \\$a25938975
=035  \\$aMB1851
=035  \\$a(OCoLC)7365416
=040  \\$aSUC$beng$erda$edcrmb$cSUC$dOCLCQ$dOCLCG$dMNJ$dINU$dOCLCQ$dOCLCF$dOCLCQ$dOCLCO$dMNU
=043  \\$afw-----
=050  14$aDT516$b.F3 1802
=082  \4$a966$bF181n.2
=099  \9$a1802 Fa
=100  1\$aFalconbridge, A. M.$q(Anna Maria),$eauthor.
=245  10$aNarrative of two voyages to the river Sierra Leone during the years 1791---2---3 performed by A. M. Falconbridge : with a succinct account of the distresses and proceedings of that settlement, a description of the manners, diversions, arts, commerce, cultivation, custom, punishments, &c. and every interesting particular relating to the Sierra Leone Company : also the present state of the slave trade in the West Indies, and the improbability of its total abolition.
=250  \\$aThe second edition.
=264  \1$aLondon :$bPrinted for L. I. Higham, no.6, Chiswell Street,$cMDCCCII [1802]
=300  \\$a287, [1] pages ;$c19 cm (12mo)
=336  \\$atext$btxt$2rdacontent
=337  \\$aunmediated$bn$2rdamedia
=338  \\$avolume$bnc$2rdacarrier
=340  \\$m12mo$0http://rdaregistry.info/termList/bookFormat/1004
=500  \\$aSignatures: [A]⁶ B-2A⁶.
=651  \0$aAfrica, West$xDescription and travel.
=651  \0$aSierra Leone$xDescription and travel.
=650  \7$aTravel$2fast$0(OCoLC)fst01155558
=651  \7$aAfrica, West$2fast$0(OCoLC)fst01239521
=700  1\$aHigham, L. I.$epublisher.
=752  \\$aGreat Britain$bEngland$dLondon.
=909  \\$acat$bMNU$c2018-08-07$dkkdavis
=913  \\$abellmini17
=981  \\$cTWILS$dBELL
=997  \\$a7365416
=998  \\$aLDR:01795cam#a2200385Ii#4500
=998  \\$b008:810424s1802####enk###########000#0#eng#d

