=LDR  01522nam a2200421Ii 4500
=001  9975689954801701
=005  20180816161030.0
=008  180620s1801\\\\sw\\\\\\\\\\\\001\0\swe\d
=035  \\$aMB6006
=035  \\$a(OCoLC)1041145924
=040  \\$aMNU$beng$erda$edcrmb$cMNU
=041  1\$aswe$hfre
=043  \\$af-ua---
=099  \9$a1801 So
=100  1\$aSonnini, C. S.$q(Charles Sigisbert),$d1751-1812,$eauthor.
=240  10$aVoyage dans la haute et basse Égypte.$lSwedish.
=245  10$aResa i öfra och nedra Egypten :$bsammandrag /$cC. S. Sonninis.
=264  \1$aStockholm :$bTryckt i Kongl.ordens Boktryckeriet hos Assessoren Johan Pfeiffer,$cÅr 1801.
=300  \\$a[6], 266, [16] pages ;$c19 cm (8vo)
=336  \\$atext$btxt$2rdacontent
=337  \\$aunmediated$bn$2rdamedia
=338  \\$avolume$bnc$2rdacarrier
=340  \\$m8vo$0http://rdaregistry.info/termList/bookFormat/1003
=500  \\$aTranslated from the French by Samuel Ödmann.
=500  \\$aFraktur.
=500  \\$aHead- and tail-pieces.
=500  \\$aSignatures: pi⁴ (-pi4) A-Q⁸ R⁶ (-R6) )(⁸.
=500  \\$aErrata: page [15] at end.
=500  \\$aIncludes index.
=650  \0$aNatural history$zEgypt.
=651  \0$aEgypt$xDescription and travel.
=700  1\$aÖdmann, Samuel,$d1750-1829,$etranslator.
=909  \\$acat$bMNU$c2018-06-20$dm-mccl$eori
=913  \\$avb16
=981  \\$cTWILS$dBELL
=997  \\$a1041145924
=998  \\$aLDR:01441nam#a2200385Ii#4500
=998  \\$b008:180620s1801####sw############001#0#swe#d

