=LDR  01942cam a2200481Ii 4500
=001  9975689954901701
=005  20181019143706.0
=008  810622s1801\\\\sw\\\\\\\\\\\\001\0aswe\d
=035  \\$aMB6471
=035  \\$a(OCoLC)314764496
=040  \\$aNLE$beng$erda$edcrmb$cNLE$dOCLCQ$dOCLCF$dOCLCO$dOCLCQ$dMNU
=041  1\$aswe$heng$hita
=043  \\$aa-ii---
=099  \9$a1801 Oe1
=100  1\$aCampbell, Donald,$d1751-1804,$eauthor.
=240  10$aJourney overland to India.$lSwedish
=245  10$aDonald Campbells land-resa til Indien och fra Paolinos da San Bartolomeo resor uti Indien :$bsammandrag.
=264  \1$aStockholm :$bTryckt i Kongl. Ordens boktryckeriet hos assessoren Johan Pfeiffer,$cår 1801.
=300  \\$a[8], 364, [20] pages ;$c18 cm (8vo)
=336  \\$atext$btxt$2rdacontent
=337  \\$aunmediated$bn$2rdamedia
=338  \\$avolume$bnc$2rdacarrier
=340  \\$m8vo$0http://rdaregistry.info/termList/bookFormat/1003
=500  \\$aForeword signed: Samuel Ödmann.
=500  \\$aSignatures: ):(⁴ A-Z⁸ ):(⁸ ; last leaf blank.
=500  \\$aIncludes index.
=546  \\$aIn Swedish; translated from English and Italian$b(Fraktur).
=651  \0$aIndia$xDescription and travel.
=650  \0$aVoyages and travels
=650  \0$aShipwrecks$zIndia.
=600  10$aCampbell, Donald,$d1751-1804$xTravel.
=650  \7$aTravel$2fast$0(OCoLC)fst01155558
=651  \7$aIndia$2fast$0(OCoLC)fst01210276
=700  1\$aPfeiffer, Johan,$d1731-1806,$epublisher.
=700  1\$aÖdmann, Samuel,$d1750-1829,$etranslator,$ewriter of foreword.
=700  0\$iSummary of (work):$aPaulinus,$ca S. Bartholomaeo,$d1748-1806.$tViaggio alle Indie orientali.$lSwedish.
=752  \\$aSweden$dStockholm.
=909  \\$acat$bMNU$c2018-08-08$dkkdavis
=913  \\$abellmini17
=981  \\$cTWILS$dBELL
=997  \\$a314764496
=998  \\$aLDR:01849cam#a2200445Ii#4500
=998  \\$b008:810622s1801####sw############001#0aswe#d

