=LDR  03192cam a2200697Ii 4500
=001  9975689955001701
=005  20181214154705.0
=008  801121s1802\\\\fr\abf\\\\\\\\001\0\fre\\
=010  \\$a   05015200 
=016  7\$a003256103$2Uk
=016  7\$a003256104$2Uk
=016  \\$a(AMICUS)000004290456
=019  \\$a28637759$a606463512$a1033706857$a1055975154
=035  \\$aMB4606
=035  \\$a(OCoLC)6964364$z(OCoLC)28637759$z(OCoLC)606463512$z(OCoLC)1033706857$z(OCoLC)1055975154
=040  \\$aDLC$beng$erda$edcrmb$cDLC$dCLE$dGZM$dSTF$dAMAZN$dUKMGB$dEUM$dWAU$dOCLCQ$dOCLCO$dOCLCF$dOCLCQ$dNLC$dOCLCQ$dMNU
=041  1\$afre$heng
=042  \\$apremarc
=043  \\$ae-urs--$an-us-ak
=050  00$aDK754$b.S27
=055  \1$aDK754
=082  04$a452.9$bSa8v
=084  \\$acoll3$2lacc
=099  \9$a1802 Sa
=100  1\$aSauer, Martin,$eauthor.
=245  10$aVoyage fait par ordre de l'impératrice de Russie, Catherine II :$bdans le nord de la Russie asiatique, dans la mer Glaciale, dans la mer d'Anadyr, et sur les côtes de l'Amérique, depuis 1785 jusqu'en 1794, par le commodore Billings /$crédigé par M. Sauer ... et traduit de l'anglais avec des notes, par J. Castéra, avec une collection de quinze planches ...
=264  \1$aA Paris :$bChez F. Buisson, imprimeur-Libraire, rue Hautefeuille, no.20,$can X (1802).
=300  \\$a2 volumes ;$c21 cm (8vo) +$eatlas (15 plates, including 1 folded map ; 31 cm) (4to)
=336  \\$atext$btxt$2rdacontent
=337  \\$aunmediated$bn$2rdamedia
=338  \\$avolume$bnc$2rdacarrier
=340  \\$m8vo$0http://rdaregistry.info/termList/bookFormat/1003
=500  \\$aContains eratta (volume 1, page xxi; volume 2. page 418)
=500  \\$aPagination: volume 1. [4], xxiv, 385, [1] pages -- volume 2. [4], 418 pages.
=500  \\$aSignatures: volume 1. pi² a⁸ b⁴ A-2A⁸ 1Bb -- volume 2. pi² A-2C⁸ 1Dd.
=500  \\$aPrinted marginal notes.
=500  \\$aIncludes index.
=500  \\$aHalf title.
=500  \\$aEngraver: Adam.
=530  \\$aAlso issued online.
=651  \0$aSiberia (Russia)$xDescription and travel.
=600  10$aBillings, Joseph,$d1761-1806.
=651  \0$aAleutian Islands (Alaska)
=651  \0$aAlaska$xDescription and travel.
=600  17$aBillings, Joseph,$d1761-1806.$2fast$0(OCoLC)fst00120031
=650  \7$aTravel.$2fast$0(OCoLC)fst01155558
=651  \7$aAlaska$2fast$0(OCoLC)fst01204480
=651  \7$aAlaska$zAleutian Islands.$2fast$0(OCoLC)fst01239641
=651  \7$aRussia (Federation)$zSiberia$2fast$0(OCoLC)fst01243666
=600  14$aBillings, Joseph,$d1761-1806.
=700  1\$aBuisson, François,$d1753-1814,$eprinter.
=700  1\$aCastéra, Jean-Henri,$d1749-1838,$etranslator.
=700  1\$aAdam, Jean,$dactive 1820-1885,$eengraver.
=752  \\$aFrance$dParis.
=776  08$iOnline version:$aSauer, Martin.$tVoyage fait par ordre de l'impératrice de Russie, Catherine II.$dParis, F. Buisson, an X (1802)$w(OCoLC)580807791
=909  \\$acat$bMNU$c2018-11-28$dkkdavis
=913  \\$abellmini17
=981  \\$cTWILS$dBELL
=997  \\$a6964364
=998  \\$aLDR:03198cam#a2200685Ii#4500
=998  \\$b008:801121s1802####fr#abf########001#0#fre##

