=LDR  02682aam a2200553 a 4500
=001  9919113250001701
=005  20170329045602.0
=008  870401s1776\\\\sw\b\\\\\b\\\\000\0\swe\d
=035  \\$a(Aleph)006086237UMN01
=035  \\$aMB5266
=035  \\$a(OCoLC)220581511
=040  \\$aAU@$edcrmb$beng$cAU@$dOCLCQ$dMnU
=041  1\$aswe$hfre
=043  \\$au-at---$apo-----
=082  04$a910.4
=099  \9$a1776 Fr
=100  1\$aFréville, Anne-François-Joachim,$d1749-1832.
=240  10$aHistoire des découvertes faites dans la mer du Sud en 1767, 1768, 1769, 1770.$lSwedish
=245  10$aBerättelse om de nya uptäckter, som blifwit gjorde i södörhafwet åren 1767, 1768, 1769 och 1770 /$cförfattad, enligt sednaste underrättelser, af Hr. de Freville ; med en bifogad charta af Hr. Vaugondy ; öfmersatt ifrån Fransyska.
=260  \\$aUpsala :$bTryckt hos Johan Edman,Kongl. Acad, Boktr. på egen bekostnad,$cÅr 1776.
=300  \\$a2 volumes in 1 :$bmap ;$c18 cm (8vo)
=336  \\$atext$btxt$2rdacontent
=337  \\$aunmediated$bn$2rdamedia
=338  \\$avolume$bnc$2rdacarrier
=340  \\$m8vo$0http://rdaregistry.info/termList/bookFormat/1003
=500  \\$aTitle ornaments; head pieces.
=500  \\$aFraktur.
=500  \\$aSwedish translation of: Histoire des découvertes faites dans la mer du Sud en 1767, 1768, 1769, 1770, published Paris, 1774 (Cf. Sabin 25913).
=500  \\$aFirst Swedish edition of Cook's first voyage.
=500  \\$aA translation of Fréville compilation of Hawkesworth.
=500  \\$aMap has title: Carta öfwer de uptäckter som blifwit giorde 1765, 67 ock 69 uti söder hafwet / författad af kongl. franska geographen hr. De Vaugondy 1774.
=500  \\$aPagination: volume 1: [28], 308, [2] pages, 1 folded leaf of plates; volume 2: [2], 326, [6] pages).
=504  \\$aIncludes bibliographical references.
=510  4\$aCook bibliography,$c721
=600  10$aBanks, Joseph,$d1743-1820.
=600  10$aCook, James,$d1728-1779
=650  \0$aVoyages around the world$vEarly works to 1800.
=651  \0$aAustralia$xDiscovery and exploration$vEarly works to 1800.
=651  \0$aOceania$xDiscovery and exploration$vEarly works to 1800.
=700  1\$aHawkesworth, John,$d1715?-1773.
=700  12$aRobert de Vaugondy, Didier,$d1723-1786.$tCarta öfver de Uptäckler som blifwit giorde 1765, 67 ock 69 uti söder hafwet.
=700  1\$aEdman, Johan,$d-1791,$eprinter.
=926  \\$aMARS
=967  \\$ascs20170325
=968  \\$aRDA ENRICHED
=997  \\$a220581511
=998  \\$aLDR:02723aam#a2200529#a#4500
=998  \\$b008:870401s1776####sw#b#####b####000#0#swe#d
=SID  \\$aZ39$bOCLC

