=LDR  01685cam a2200433 a 4500
=001  9919123090001701
=005  20170329045538.0
=008  751021s1776\\\\fr\\\\\\\\\\\\001\0\fre\\
=010  \\$a   02019224 
=035  \\$a(Aleph)006086221UMN01
=035  \\$aMB6432
=035  \\$a(OCoLC)1722689
=040  \\$aDLC$cGUA$dOCL$dB2Q$dDIBAM$dOCLCQ$dUBA$dCLU$dKRTAS$dAMAZN$dMnU
=043  \\$an------$as------$an-us---
=050  04$aE143$b.H81
=099  \9$a1776 Ho
=100  1\$aHornot, Antoine.
=245  10$aAnecdotes américaines, ou, Histoire abrégée des principaux événements arrivés dans le Nouveau monde, depuis sa découverte jusqu'à l'époque présente.
=246  30$aHistoire abrégée des principaux événements arrivés dans le Nouveau monde, depuis sa découverte jusqu'à l'époque présente.
=260  \\$aA Paris :$bChez Vincent, Imprimeur-Libraire,$cMMDCCLXXVI [1776]
=300  \\$axv, 782 pages ;$c18 cm (8vo)
=336  \\$atext$btxt$2rdacontent
=337  \\$aunmediated$bn$2rdamedia
=338  \\$avolume$bnc$2rdacarrier
=340  \\$m8vo$0http://rdaregistry.info/termList/bookFormat/1003
=500  \\$aAttributed also to M. Déjean in NUC Pre-56.
=500  \\$aIncludes index.
=651  \0$aAmerica$xDiscovery and exploration.
=651  \0$aAmerica$xDescription and travel.
=651  \0$aUnited States$xHistory$yColonial period, ca. 1600-1775.
=700  1\$aDéjean, M.
=710  2\$aChez Vincent,$eprinter.
=926  \\$aMARS
=967  \\$ascs20170325
=968  \\$aRDA ENRICHED
=997  \\$a1722689
=998  \\$aLDR:01713cam#a2200409#a#4500
=998  \\$b008:751021s1776####fr############001#0#fre##
=SID  \\$aZ39$bOCLC

