=LDR  01369nam a2200409 a 4500
=001  9919157730001701
=005  20170329045745.0
=008  110915s1776\\\\enk\\\\\\\\\\\000\0\eng\d
=035  \\$a(Aleph)006086567UMN01
=035  \\$aMB6433
=035  \\$a(OCoLC)36514215
=040  \\$aMnU$edcrmb$cMnU
=043  \\$an-us---
=050  \4$aAC4
=099  \9$a1776 Ha
=100  1\$aHampson, John,$d1760-1817.
=245  10$aReflections on the present state of the American War.
=260  \\$aLondon :$bPrinted for T. Payne at the Mews-Gate,$cMDCCLXXVI [1776]
=300  \\$a4 unnumbered pages, 30 pages ;$c22 cm (8vo)
=336  \\$atext$btxt$2rdacontent
=337  \\$aunmediated$bn$2rdamedia
=338  \\$avolume$bnc$2rdacarrier
=340  \\$m8vo$0http://rdaregistry.info/termList/bookFormat/1003
=500  \\$aSometimes attributed to John Hampson.
=500  \\$aWith a half-title.
=510  4\$aSabin,$c68708
=510  4\$aAdams,$c76-126
=510  4\$aEnglish Short Title Catalog,$cT102868
=651  \0$aUnited States$xHistory$yRevolution, 1775-1783$xPublic opinion.
=700  1\$aPayne, Thomas,$d1752-1831,$ebookseller.
=752  \\$aGreat Britain$bEngland$dLondon.
=926  \\$aMARS
=967  \\$ascs20170325
=968  \\$aRDA ENRICHED
=997  \\$a36514215
=998  \\$aLDR:01279nam#a2200385#a#4500
=998  \\$b008:110915s1776####enk###########000#0#eng#d

