=LDR  01974nam a22004211  4500
=001  9919436090001701
=005  20170329051047.0
=008  860221s1772\\\\mau\\\\\\\\\\\000\0\eng\u
=010  \\$a   08021120 
=035  \\$a(Aleph)000244456UMN01
=035  \\$a(MnU)notisAFP8860
=035  \\$aBELLTRANSFER0673
=035  \\$a(OCoLC)6273351
=040  \\$aMnU$beng$cCaOTULAS$dMnU
=043  \\$an-us-ma
=050  00$aE211$b.B73
=110  2\$aBoston (Mass.)
=245  14$aThe votes and proceedings of the freeholders and other inhabitants of the town of Boston :$bin town meeting assembled, according to law /$c<Published by order of the town.> To which is prefixed as introductory, an attested copy of a vote of the town at a preceeding meeting.
=260  \\$aBoston :$bPrinted by Edes and Gill, and T. and J. Fleet,$c[1772]
=300  \\$aiv, 43 pages, 1 unnumbered page (the final page blank) ;$c21 cm (8vo)
=336  \\$atext$btxt$2rdacontent
=337  \\$aunmediated$bn$2rdamedia
=338  \\$avolume$bnc$2rdacarrier
=340  \\$m8vo$0http://rdaregistry.info/termList/bookFormat/1003
=505  0\$aVote of the town, 28 Oct., 1772, appointing a Committee of correspondence of 21 members.--Report of said Committee, read and adopted in town meeting 20 Nov. 1772.--Message of the town to the Governor.--The Governor's answer, 30 Oct. 1772.--The petition of the town to the Governor, 30 Oct. 1772.--The Governor's answer, 2 Nov. 1772.
=510  4\$aEvans$c12332
=651  \0$aUnited States$xPolitics and government$y1775-1783.
=651  \0$aBoston (Mass.)$xPolitics and government$y1775-1783
=710  2\$aBoston Committee of Correspondence.
=710  1\$aMassachusetts.$bGovernor (1771-1774 : Hutchinson).
=926  \\$aMARS
=945  \\$aCAT$b1988-05-01$nbao2
=967  \\$ascs20170325
=968  \\$aRDA ENRICHED
=997  \\$a6273351
=998  \\$aLDR:01876nam#a22003971##4500
=998  \\$b008:860221s1772####mau###########000#0#eng#u
=999  99$aAFP8860$bUL

