=LDR  02844cam a2200541 a 4500
=001  9935456990001701
=005  20170401042934.0
=008  970411s1770\\\\ne\bcef\\\\\\\001\0\dut\d
=010  \\$a   02011758 
=035  \\$a(Aleph)005973822UMN01
=035  \\$aMB1124
=035  \\$a(OCoLC)77680892
=040  \\$aRBN$ebdrb$cRBN$dMnU
=043  \\$as-sr---$as-gy---
=050  00$aF2351$b.H33
=099  \9$a1770 Ha
=100  1\$aHartsinck, Jan Jakob,$d1716-1779.
=245  10$aBeschryving van Guiana, of de wildekust, in Zuid-America :$bbetreffende de aardrykskunde en historie des lands, de zeeden en gewoontes der inwooners, de dieren, vogels, visschen, boomen en gewassen, als mede de eerste ontdekking dier kust, de bezittingen der Spanjaarden, Franschen en Portugeezen en voornaamelyk de volkplantingen der Nederlanderen, als Essequebo, Demerary, Berbice, Suriname, en derzelver rivieren, met de noodige kaarten en afbeeldingen der forten. Waarby komt eene verhandeling over den aart en de gewoontes der neger-slaaven /$cAlles uit echte stukken opgesteld door Mr. Jan Jacob Hartsinck, charter- en request-meester van het Edel Mogende Collegie ter Admiraliteit tot Amsterdam, midsgaders lid van het Zeeuwische Genootschap der Wetenschappen te Vlissingen.
=260  \\$aTe Amsterdam :$bBy Gerrit Tielenburg,$cMDCCLXX [1770]
=300  \\$a2 volumes :$billustrations, maps, plans, portrait ;$c28 cm (4to)
=336  \\$atext$btxt$2rdacontent
=337  \\$aunmediated$bn$2rdamedia
=338  \\$avolume$bnc$2rdacarrier
=340  \\$m4to$0http://rdaregistry.info/termList/bookFormat/1002
=500  \\$aJ. v. Schley, sculp.
=500  \\$aPagination: volume 1: XII, [4], 520 pages, [7] leaves of plates (5 folded); volume 2: [2], 521-736, 739-962, [16] pages, [7] leaves of plates (3 folded).
=500  \\$aSignatures: volume 1: *-2*⁴ A-3T⁴; volume 2: pi1 3V-6E⁴ *-2*⁴.
=500  \\$aTitle pages in red and black.
=500  \\$a"Drukfouten": volume 2, page [16] at the end.
=500  \\$aIncludes index.
=510  4\$aBrown, J.C. Cat., 1493-1800,$cIII: 1742
=510  4\$aSabin,$c30712
=510  4\$aTiele, P.A. Nederlandsche bib.,$c457
=651  \0$aSuriname$xDescription and travel$vEarly works to 1800.
=651  \0$aGuiana$xDescription and travel$vEarly works to 1800.
=651  \0$aGuiana$xHistory$vEarly works to 1800.
=651  \0$aSuriname$xHistory$vEarly works to 1800.
=700  1\$aTielenburg, Gerrit,$epublisher.
=700  1\$aSchley, Jacobus van der,$d1715-1779,$eengraver.
=700  1\$aKeuning, J.$q(Johannes),$d1881-1957,$eformer owner.
=752  \\$aNetherlands$dAmsterdam.
=926  \\$aMARS
=967  \\$ascs20170325
=968  \\$aRDA ENRICHED
=997  \\$a77680892
=998  \\$aLDR:02766cam#a2200517#a#4500
=998  \\$b008:970411s1770####ne#bcef#######001#0#dut#d
=999  \\$aZ39$bOCLC

