=LDR  03029nam a22004097a 4500
=001  9935461040001701
=005  20170401042916.0
=008  101215m17701789enkabf\\\\\\\\000\0\eng\d
=035  \\$a(Aleph)005959844UMN01
=035  \\$aMB4277
=035  \\$aMB4278
=035  \\$aMB4279
=035  \\$aMN4280
=035  \\$a(OCoLC)701018121
=040  \\$aMnU$beng$edcrmb$cMnU
=041  0\$aeng$afre
=043  \\$ap------$al------
=099  \9$a1770 Da1
=100  1\$aDalrymple, Alexander,$d1737-1808.
=245  13$aAn historical collection of voyages in the South Pacific ocean :$bvol. II.
=260  \\$a[London],$c[1616-1789]
=300  \\$a336 unnumbered pages in various pagings, 17 unnumbered leaves of plates (13 folded) :$billustrations, maps ;$c28 cm (4to)
=336  \\$atext$btxt$2rdacontent
=337  \\$aunmediated$bn$2rdamedia
=338  \\$avolume$bnc$2rdacarrier
=340  \\$m4to$0http://rdaregistry.info/termList/bookFormat/1002
=505  00$tAn historical collection of the several voyages in the South Pacific Ocean. Dutch voyages. The voyage of James Le Mair and William Schouten, 1616, 64 p. --$tThe voyage of Abel Jansan Tasman, 1642, [20] p. --$tA collection of voyages chiefly in the southern Atlantick Ocean published from original M.S.S. by Alexander Dalrymple, 1775, [173] p. --$tTwo voyages made in 1698, 1699 and 1700, by Dr. Edmund Halley, published from the original manuscript in possession of the Board of Longitute, 1773, 22 p. --$tA journal of a voyage made for the discovery of the rule of the variation of the compass in his majesty's ship Paramore Pink, Edmund Halley, Commander, Anno 1699 and 1700, 83 p. --$tExtrait du voyage fait aux Terres Australes, les années 1738 & 1739, par Mr. Des Loziers Bouvet, commandant las Frégate l'Aigle, accompagnée de la Frégate la Marie,16 p. --$tExtrait d'un journal de navigation pour un voyage de la Mer du Sud, fait par le S. Ducloz Guyot de St Malo, dans le vaisseau Espagnol de Lyon, en 1753, 16 p. --$tJournal of the winds and weather and degrees of heat and cold by the thermometer at Falkland Islands from 1st February 1766 to 19th January 1767, 13 p. --$tA chronological table of discoveries in the southern hemisphere and Pacific Ocean, [12] p. --$tVocabulary of languages in some of the islands visited by Le Maire and Schouten, [7] p. --$tMemoir of a map of the lands around the North Pole, by Dalrymple, 1789, iv, 20 p. --$tPlan for promoting the fur-trade and securing it to the country by uniting the operations of the East-India and Hudson's-Bay Companys, by Dalrymple, 1789, iv, 32 p.
=546  \\$aEnglish or French.
=650  \0$aVoyages and travels$vEarly works to 1800.
=651  \0$aPacific Ocean$xDiscovery and exploration$vEarly works to 1800.
=651  \0$aAtlantic Ocean$xDiscovery and exploration$vEarly works to 1800.
=926  \\$aMARS
=967  \\$ascs20170325
=968  \\$aRDA ENRICHED
=997  \\$a701018121
=998  \\$aLDR:02955nam#a22003857a#4500
=998  \\$b008:101215m17701789enkabf########000#0#eng#d

