=LDR  02010cam a2200493 a 4500
=001  9935637730001701
=005  20170401044149.0
=008  761213s1780\\\\enkabf\\\b\\\\001\0\eng\d
=035  \\$a(Aleph)006385821UMN01
=035  \\$aMB6319
=035  \\$a(OCoLC)2619645
=040  \\$aKLG$edcrmb$beng$cKLG$dOCL$dOCLCQ$dOCLCG$dAMAZN$dMNU
=043  \\$an------$as------$acl-----
=049  \\$aMNUA
=050  \4$aD18$b.R64 v.7-9
=050  \4$aE101$b.R62 1780
=082  0\$a973.16
=099  \9$a1780 Ro
=100  1\$aRobertson, William,$d1721-1793.
=245  14$aThe history of America /$cby William Robertson, D.D.
=250  \\$aThe third edition.
=260  \\$aLondon :$bprinted for W. Strahan, T. Cadell in the Strand, and J. Balfour at Edinburgh,$cMDCCLXXX [1780]
=300  \\$a3 volumes, 5 unnumbered folded leaves of plates :$billustrations, maps ;$c22 cm (8vo)
=336  \\$atext$btxt$2rdacontent
=337  \\$aunmediated$bn$2rdamedia
=338  \\$avolume$bnc$2rdacarrier
=340  \\$m8vo$0http://rdaregistry.info/termList/bookFormat/1003
=500  \\$aSignatures: volume 1: A⁸ a-b⁸ c² B-2B⁸ 2C²; volume 2: [A]² B-2L⁸ 2M⁶; volume 3: [A]² B-2L⁸ 2M⁶.
=500  \\$aIndex in volume 3: [42] pages at end, unnumbered, but signed.
=504  \\$aBibliography: volume 1, pages [xxix]-li.
=530  \\$aAlso issued online.
=651  \0$aAmerica$xHistory$yTo 1810.
=651  \0$aAmerica$xDiscovery and exploration.
=651  \0$aLatin America$vBibliography.
=700  1\$aStrahan, William,$d1715-1785,$ebookseller.
=700  1\$aCadell, T.$q(Thomas),$d1742-1802,$ebookseller.
=700  1\$aBalfour, John,$d-1795$ebookseller.
=776  08$iOnline version:$aRobertson, William, 1721-1793.$tHistory of America.$b3d ed.$dLondon, Printed for W. Strahan [etc.] 1780$w(OCoLC)565661938
=926  \\$aMARS
=967  \\$ascs20170325
=968  \\$aRDA ENRICHED
=997  \\$a2619645
=998  \\$aLDR:01948cam#a2200469#a#4500
=998  \\$b008:761213s1780####enkabf###b####001#0#eng#d

