=LDR  01775aam a2200421 a 4500
=001  9935641040001701
=005  20170401044145.0
=008  930315s1778\\\\ne\af\\\\\\\\\000\0\dut\d
=035  \\$a(Aleph)006266659UMN01
=035  \\$aMB6542
=035  \\$a(OCoLC)222972391
=040  \\$aAU@$beng$cAU@$dMnU
=041  1\$adut$heng
=043  \\$at------
=080  \\$a(*7)
=099  \9$a1778 Co
=100  1\$aCook, James,$d1728-1779
=245  10$aReis naar de Zuidpool en rondom de Weereld :$bGadaan, op Bevel van zyne Brittanische Majesteit, met de schepen, de Resolution en de Adventure, in de jaren 1772, 1773, 1774 en 1775 /$cen beschreven door James Cook bevelhebber van het Schip de Resolution ; waarby gevoegt is Kaptein Furneaux's verslag van deszelfs reize met het schip de Adventure, na dat het zelve van de Resolution was afgeraakt ; Uit het Engelsch vertaalt.
=260  \\$aTe Rotterdam :$bBy A. Bothall, D. Vis en P. Holsteyn,$cMDCCLXXVIII [1778]
=300  \\$axii, 371 pages, 1 unnumbered leaf of plates :$billustrations ;$c22 cm (4to)
=336  \\$atext$btxt$2rdacontent
=337  \\$aunmediated$bn$2rdamedia
=338  \\$avolume$bnc$2rdacarrier
=340  \\$m4to$0http://rdaregistry.info/termList/bookFormat/1002
=610  20$aAdventure (Ship)
=610  20$aResolution (Ship)
=650  \0$aVoyages and travels$zAntarctica.
=650  \0$aScientific expeditions$zAntarctica.
=651  \0$aAntarctica$vBiography.
=700  1\$aFurneaux, Tobias,$d1735-1781.
=700  1\$aWassernaar, Breitenstein,$dactive 1952,$eformer owner.$5MnU
=926  \\$aMARS
=967  \\$ascs20170325
=968  \\$aRDA ENRICHED
=997  \\$a222972391
=998  \\$aLDR:01678aam#a2200397#a#4500
=998  \\$b008:930315s1778####ne#af#########000#0#dut#d
=999  \\$aZ39$bOCLC

