=LDR  01683cam a2200457 a 4500
=001  9935644080001701
=005  20170401044159.0
=008  851217s1778\\\\fr\\\\\\\\\\\\000\0\fre\d
=010  \\$a   21001795 
=035  \\$a(Aleph)006266605UMN01
=035  \\$aMB2907
=035  \\$a(OCoLC)13465429
=040  \\$aRBN$cRBN$dOCL$dOCLCQ$dDIBAM$dNLGGC$dMnU
=043  \\$as-sr---
=050  00$aF2410.$bF38
=084  \\$a15.70$2bcl
=099  \9$a1778 Fe
=100  1\$aFermin, Philippe,$d1720-1790.
=245  10$aTableau historique et politique de l'état ancien et actuel de la colonie del Surinam, et des causes de sa decadence /$cpar Philippe Fermin.
=260  \\$aA Maestricht :$bChez Jean-Edme Dufour & Philippe Roux, imprimeurs & Libraires, associés,$cMDCCLXXVIII [1778]
=300  \\$axxiv, 392 pages, 2 unnumbered pages ;$c21 cm (8vo)
=336  \\$atext$btxt$2rdacontent
=337  \\$aunmediated$bn$2rdamedia
=338  \\$avolume$bnc$2rdacarrier
=340  \\$m8vo$0http://rdaregistry.info/termList/bookFormat/1003
=500  \\$aErrata: page [1] of last group.
=510  4\$aSabin$c24117.
=651  \0$aSuriname$xDescription and travel.
=651  \0$aSuriname$xHistory$yTo 1814.
=651  \0$aSuriname$xEconomic conditions.
=700  1\$aDufour, Jean-Edme,$eprinter.
=700  1\$aRoux, Philippe,$dactive 1778,$eprinter.
=700  1\$aChoisy,$cMr.,$edonor.$5MnU
=710  2\$aSociété de lecture (Geneva, Switzerland),$eformer owner.$5MnU
=926  \\$aMARS
=967  \\$ascs20170325
=968  \\$aRDA ENRICHED
=997  \\$a13465429
=998  \\$aLDR:01609cam#a2200433#a#4500
=998  \\$b008:851217s1778####fr############000#0#fre#d
=999  \\$aZ39$bOCLC

