=LDR  01328nam a2200349 a 4500
=001  9935645710001701
=005  20170401044221.0
=008  120213s1778\\\\enk\\\\\\\\\\\000\0\eng\d
=035  \\$a(Aleph)006266665UMN01
=035  \\$aMB4569
=035  \\$a(OCoLC)315719501
=040  \\$aMnU$edcrmb$cMnU
=050  \4$aAC4
=099  \9$a1778 Da
=100  1\$aDalrymple, Alexander,$d1737-1808.
=245  10$aExplanation of the map of the East-India Company's lands on the coast of Choromandel /$cpublished by Alexander Dalrymple.
=260  \\$a[London] :$b[publisher not identified],$cMDCCLXXVIII [1778]
=300  \\$a4 unnumbered pages, 23 pages, 1 unnumbered page, 3-25 pages, 1 unnumbered page ;$c30 cm (4to)
=336  \\$atext$btxt$2rdacontent
=337  \\$aunmediated$bn$2rdamedia
=338  \\$avolume$bnc$2rdacarrier
=340  \\$m4to$0http://rdaregistry.info/termList/bookFormat/1002
=500  \\$aIn two parts, each with separate pagination and register.
=510  4\$aEnglish Short Title Catalog,$cESTCT33867
=610  20$aEast India Company$vEarly works to 1800.
=651  \0$aChoromandel Coast$xMaps$vEarly works to 1800.
=926  \\$aMARS
=967  \\$ascs20170325
=968  \\$aRDA ENRICHED
=997  \\$a315719501
=998  \\$aLDR:01238nam#a2200325#a#4500
=998  \\$b008:120213s1778####enk###########000#0#eng#d

