=LDR  01643nam a2200445 a 4500
=001  9935781530001701
=005  20170401044759.0
=008  850430s1780\\\\it\b\\\\\\\\\\000\0\ita\d
=010  \\$a   02013492 
=035  \\$a(Aleph)000678944UMN01
=035  \\$a(MnU)notisAAN4893
=035  \\$aMB8205
=035  \\$a(OCoLC)11058122
=040  \\$aMnU$cMnU$dMnU
=043  \\$ac------
=050  \4$aHB151
=099  \9$a1780 Car
=100  1\$aCarli, Gian Rinaldo,$d1720-1795.
=245  10$aDelle lettere americane.
=260  \\$aCosmopoli [i.e. Firenze] :$b[publisher not identified],$cMDCCLXXX [1780]
=300  \\$a2 volumes in 1 :$b1 folded map ;$c21 cm (8vo)
=336  \\$atext$btxt$2rdacontent
=337  \\$aunmediated$bn$2rdamedia
=338  \\$avolume$bnc$2rdacarrier
=340  \\$m8vo$0http://rdaregistry.info/termList/bookFormat/1003
=500  \\$aAttributed to: Giovanni Rinaldo Carli. Cf. Melzi; Sabin (volume 3) 10911 and note to 10914.
=500  \\$aPublished in Magazino toscano, 1780.
=500  \\$aEach volume has engraved title page.
=500  \\$aVolume 1: 275, [9] pages; volume 2: 318, [10] pages, [1] folded leaf of plates : 1 map.
=600  10$aPauw, Cornelius,$d1739-1799.$tRecherches philosophiques sur les Américains.
=650  \0$aIndians$xAntiquities$vEarly works to 1800.
=650  \0$aIndians$xOrigin$vEarly works to 1800.
=651  \0$aAmerica$xAntiquities$vEarly works to 1800.
=926  \\$aMARS
=967  \\$ascs20170325
=968  \\$aRDA ENRICHED
=997  \\$a11058122
=998  \\$aLDR:01557nam#a2200421#a#4500
=998  \\$b008:850430s1780####it#b##########000#0#ita#d
=999  99$aAAN4893$bUL

