=LDR  01474nam a2200421 a 4500
=001  9937486270001701
=005  20170401070912.0
=008  110208s1770\\\\fr\\\\\\\\\\\\000\0\fre\d
=035  \\$a(Aleph)005974726UMN01
=035  \\$aMB4451
=035  \\$a(OCoLC)13595553
=040  \\$aMnU$cMnU$edcrmb
=050  \4$aHB151
=099  \9$a1770 Ga
=100  1\$aGaliani, Ferdinando,$d1728-1787.
=245  10$aDialogues sur le commerce des bleds.
=260  \\$aA Londres :$b[publisher not identified],$cMDCCLXX [1770]
=300  \\$a4 unnumbered pages, 314 pages, 2 unnumbered pages ;$c19 cm (8vo)
=336  \\$atext$btxt$2rdacontent
=337  \\$aunmediated$bn$2rdamedia
=338  \\$avolume$bnc$2rdacarrier
=340  \\$m8vo$0http://rdaregistry.info/termList/bookFormat/1003
=500  \\$aAnonymous. By Ferdinando Galiani.
=500  \\$a"Entre M. la Marquis de Roquemaure, & M. le Chevalier de Zanobi"--page 1.
=500  \\$aWith a half-title and a final errata leaf.
=500  \\$aThe imprint is false; probably printed in Paris.
=510  4\$aEnglish Short Title Catalog,$cESTCT73250.
=650  \0$aGrain trade$vEarly works to 1800.
=650  \0$aGrain.
=650  \0$aTrade regulation$zFrance.
=700  1\$aRoquemaure,$cmarquis de.
=700  1\$aZanobi,$cchevalier.
=926  \\$aMARS
=967  \\$ascs20170325
=968  \\$aRDA ENRICHED
=997  \\$a13595553
=998  \\$aLDR:01382nam#a2200397#a#4500
=998  \\$b008:110208s1770####fr############000#0#fre#d

