=LDR  01868nam a2200445 a 4500
=001  9937703440001701
=005  20170402002224.0
=008  870325s1800\\\\fr\bf\\\\\\\\\001\0\fre\d
=010  \\$a   73650025 
=035  \\$a(Aleph)001772624UMN01
=035  \\$a(MnU)notisANR5685
=035  \\$a(OCoLC)702602715
=040  \\$aPU$cPU$dMnU
=041  1\$afre$heng
=043  \\$aa-ii---
=050  00$aG2280$b.R4 1800
=100  1\$aRennell, James,$d1742-1830.
=240  10$aMemoir of a map of Hindoostan.$lFrench
=245  10$aRecueil de cartes géographiques pour la description de l'Indostan /$cpar le majeur J. Rennell ... : revues par le c[itoy]en Buache.
=260  \\$aA Paris :$bChez Poignée, imprimeur-libraire ...,$cAn 8, [1800]
=300  \\$a2 unnumbered pages, 39 pages, 1 unnumbered page, 11 folded leaves of plates :$bmaps (engravings, part color) ;$c29 cm (4to)
=336  \\$atext$btxt$2rdacontent
=337  \\$aunmediated$bn$2rdamedia
=338  \\$avolume$bnc$2rdacarrier
=340  \\$m4to$0http://rdaregistry.info/termList/bookFormat/1002
=500  \\$aIssued to accompany the author's Description historique et géographique de l'Indostan (Paris, an 8 (1800), 3 volumes).
=500  \\$aOriginal English edition, published under the title: Memoir of a map of Hindoostan, includes maps issued with the main work.
=500  \\$aHalf-title: Atlas pour la description de l'Indostan.
=500  \\$aIncludes index.
=651  \0$aIndia$vMaps$xEarly works to 1800.
=651  \0$aIndia$xHistory$yBritish occupation, 1765-1947$vMaps.
=740  0\$aAtlas pour la description de l'Indostan.
=926  \\$aMARS
=945  \\$aCAT$b1993-12-07$njea0
=967  \\$ascs20170325
=968  \\$aRDA ENRICHED
=997  \\$a702602715
=998  \\$aLDR:01788nam#a2200421#a#4500
=998  \\$b008:870325s1800####fr#bf#########001#0#fre#d
=999  99$aANR5685$bUL

