=LDR  01910nam a2200481 a 4500
=001  9927301650001701
=005  20170720165010.0
=008  830609s1697\\\\enk\\\\\\\\\\f000\0\eng\d
=010  \\$a   05031381 
=035  \\$a(Aleph)001319504UMN01
=035  \\$a(MnU)notisAAG3494
=035  \\$aMB7673
=035  \\$a(OCoLC)10543893
=040  \\$aMnU$cMnU
=043  \\$an-cnh--
=050  \4$aZ2002
=110  1\$aEngland and Wales.
=240  10$aTreaties, etc.$gFrance,$d1697 September 20
=245  10$aArticles of peace between the most serene and mighty prince William the Third, King of Great Britain, and the most serene and mighty prince Lewis the Fourteenth, the most Christian King, concluded in the Royal Palace at Ryswicke the 10/20 day of September, 1697 /$cby command of Their Excellencies the Lords Justices.
=260  \\$aLondon :$bprinted by Charles Bill and the executrix of Thomas Newcomb, deceas'd ...,$c1697.
=300  \\$a17 pages ;$c30 cm (fol.)
=336  \\$atext$btxt$2rdacontent
=337  \\$aunmediated$bn$2rdamedia
=338  \\$avolume$bnc$2rdacarrier
=340  \\$mfolio$0http://rdaregistry.info/termList/bookFormat/1001
=500  \\$a"This treaty in Latin is likewise in the press, together with the translation."--page 17.
=500  \\$aSignatures: A-E²
=500  \\$aLast 3 unnumbered pages blank.
=500  \\$aTitle page vignette, initial.
=510  4\$aWing$cW 2309
=630  00$aTreaty of Ryswick$d(1697)
=651  \0$aHudson Bay$vEarly works to 1800.
=710  1\$aEngland and Wales.$bSovereign (1694-1702 : William III)
=710  1\$aFrance.$bSovereign (1643-1715 : Louis XIV)
=913  \\$avb16
=926  \\$aMARS
=945  \\$aCAT$b1987-07-28$nvlr1
=967  \\$ascs20170325
=968  \\$aRDA ENRICHED
=997  \\$a10543893
=998  \\$aLDR:01816nam#a2200457#a#4500
=998  \\$b008:830609s1697####enk##########f000#0#eng#d
=999  99$aAAG3494$bUL

