=LDR  03229nam a2200481 a 4500
=001  9913394120001701
=005  20170328024846.0
=008  961021s1762\\\\enk\\\\\\\\\\\000\0\eng\d
=035  \\$a(Aleph)003194345UMN01
=035  \\$a(MnU)notisASM7199
=035  \\$aBELLTRANSFER0625
=035  \\$a(OCoLC)5136441
=040  \\$aRPJCB$cRPJCB$edcrb
=043  \\$an-us---
=050  \4$aE199
=100  1\$aSmith, William,$d1727-1803.
=245  10$aDiscourses on public occasions in America. /$cBy William Smith, D.D. Provost of the College and Academy of Philadelphia.
=250  \\$aThe second edition..
=260  \\$aLondon :$bPrinted for A. Millar, D. Wilson, and T. Becket and P.A. De Hondt, in the Strand; and G. Keith, in Gracechurch-Street,$c1762..
=300  \\$axvi, vi, [1], 8-224 pages, [1]-31 pages, [5], 39-160 pages, [2] pages ;$c22 cm (8vo)
=336  \\$atext$btxt$2rdacontent
=337  \\$aunmediated$bn$2rdamedia
=338  \\$avolume$bnc$2rdacarrier
=340  \\$m8vo$0http://rdaregistry.info/termList/bookFormat/1003
=500  \\$a"After come copies had been published the leaf c2 of the appendices, containing part of the author's preface to the reprint of the General idea of the College of Mirania, was cancelled." -- Sabin.
=500  \\$aPagination errors: pages [120], 160, 210 (all 4th count) misnumbered 1i, ;60, 110. Pagination erratic at beginning of appendix 1.
=500  \\$aDedicated to Thomas Penn and Richard Penn of the province of Pennsylvania. Signed: William Smith. London, August 3d, 1762.
=500  \\$a"Errata." -- P. xvi, 1st count.
=500  \\$aFirst edition, 1759, has title: Discourses on several public occasions during the war in America.
=505  0\$a(From title-page): Containing, I. Sundry discourses during the ravages of the French and Indians, preached with a view to the explaining the importance of the Protestant cause in the British colonies ... II. A thanksgiving-discourse ... on the reduction of Louisbourg, and success of the campaign 1758. III. A discourse in two parts ... concerning the conversion of the heathen-Americans, and final propagation of Christianity and the sciences to the ends of the earth ... IV. A discourse ... at the opening of St. Peter's Church, Philadelphia, Sept. 4th, 1761. V. Two funeral discourses. With an appendix, containing, I. A letter ... concerning the duty of Protestant ministers in times of public danger. II. An address to the colonies, on opening the campaign, 1758. III. A general idea of the College of Mirania ... IV. An account of the College and Academy of Philadelphia. V. A charge to the first graduates in the said college. VI. A philosophical meditation and address to the Supreme Being.
=510  4\$aSabin$c84599
=610  20$aCollege, Academy, and Charitable Schools of Philadelphia.
=610  20$aUniversity of Pennsylvania$xHistory.
=650  \0$aReligion and politics
=651  \0$aUnited States$xHistory$yFrench and Indian War, 1754-1763.
=926  \\$aMARS
=945  \\$aCAT$b1999-10-01$nbao2
=967  \\$ascs20170325
=968  \\$aRDA ENRICHED
=997  \\$a5136441
=998  \\$aLDR:03139nam#a2200457#a#4500
=998  \\$b008:961021s1762####enk###########000#0#eng#d
=999  99$aASM7199$bUL

