=LDR  01515nam a2200397 a 4500
=001  9913409850001701
=005  20170328024823.0
=008  110321s1771\\\\ne\\\\\\\\\\\\000\0\fre\d
=035  \\$a(Aleph)006023131UMN01
=035  \\$aMB6061
=035  \\$a(OCoLC)44480068
=040  \\$aMnU$eDCRMB$cMnU
=043  \\$ae-it---
=099  \9$a1771 Go
=100  1\$aGoudar, Ange,$d1720-1791.
=245  10$aNaples, ce qu'il faut faire pour rendre ce royaume florissant /$c[par Ange Goudar].
=260  \\$a[Place of publication not identified] :$b[publisher not identified],$e(Amsterdam$e[i.e., Venice]),$cMDCCLXXI [1771]
=300  \\$aix, 458 pages, 2 unnumbered pages ;$c19 cm (8vo)
=336  \\$atext$btxt$2rdacontent
=337  \\$aunmediated$bn$2rdamedia
=338  \\$avolume$bnc$2rdacarrier
=340  \\$m8vo$0http://rdaregistry.info/termList/bookFormat/1003
=500  \\$aErrata: page [459].
=500  \\$aFinal page is blank.
=500  \\$aAuthor and place of printing from Barbier.
=500  \\$aReference: Barbier 3:392.
=651  \0$aNaples (Kingdom)$xPolitics and government$vEarly works to 1800.
=651  \0$aNaples (Kingdom)$xDescription and travel$vEarly works to 1800.
=651  \0$aNaples (Kingdom)$xEconomic conditions$vEarly works to 1800.
=700  3\$aLiechtenstein, House of,$eformer owner.$5MnU
=926  \\$aMARS
=967  \\$ascs20170325
=968  \\$aRDA ENRICHED
=997  \\$a44480068
=998  \\$aLDR:01417nam#a2200373#a#4500
=998  \\$b008:110321s1771####ne############000#0#fre#d

