=LDR  01228nam a2200361 a 4500
=001  9955799160001701
=005  20170404063058.0
=008  120312s1779\\\\sw\\\\\\\\\\\\000\0\swe\d
=035  \\$a(Aleph)006275888UMN01
=035  \\$aMB4625
=035  \\$a(OCoLC)780483637
=040  \\$aMNU$cMNU
=043  \\$ae------$ae-sw---
=099  \9$a1779 Ze
=100  1\$aZettersten, Erik.
=245  10$aAllmänna handels-historien och köpmanna wetenskapen /$cförfattad af ... Erik Zetterstén.
=260  \\$aStockholm :$bTryckt hos Wennberg och Compagnie,$c1779.
=300  \\$a3 volumes in 1 ;$c19 cm (8vo)
=336  \\$atext$btxt$2rdacontent
=337  \\$aunmediated$bn$2rdamedia
=338  \\$avolume$bnc$2rdacarrier
=340  \\$m8vo$0http://rdaregistry.info/termList/bookFormat/1003
=500  \\$aFraktur.
=500  \\$aEarlier edition published under title: Om allmänna handels historien och wetenskapen. Stockholm, 1769. 1 v.
=650  \0$aCommerce$xHistory.
=651  \0$aEurope$xCommerce.
=651  \0$aSweden$xCommerce.
=926  \\$aMARS
=967  \\$ascs20170325
=968  \\$aRDA ENRICHED
=997  \\$a780483637
=998  \\$aLDR:01160nam#a2200337#a#4500
=998  \\$b008:120312s1779####sw############000#0#swe#d

