=LDR  01453cam a2200373 a 4500
=001  9955809790001701
=005  20170404063039.0
=008  760322s1779\\\\ne\\\\\\\\\\\\000\0\fre\d
=035  \\$a(Aleph)006275889UMN01
=035  \\$aMB6437
=035  \\$a(OCoLC)2061988
=040  \\$aVWM$edcrmb$cVWM$dOCLCQ$dRBJ$dOCLCG$dMnU
=043  \\$aw------
=050  \4$aS403$b.P74
=099  \9$a1779 Po
=100  1\$aPoivre, Pierre,$d1719-1786.
=245  10$aVoyages d'un philosophe, ou, Observations sur les moeurs & les arts des peuples de l'Afrique, de l'Asie & de l'Amérique /$cpar M. Poyvre, ancien Intendant de l'Isle de France.
=260  \\$aA Maestricht :$bChez Jean-Edme Dufour & Philippe Roux, Imprimeurs-Libraires, associés,$cMDCCLXXIX [1779]
=300  \\$a4 unnumbered pages, 154 pages ;$c18 cm (12mo)
=336  \\$atext$btxt$2rdacontent
=337  \\$aunmediated$bn$2rdamedia
=338  \\$avolume$bnc$2rdacarrier
=340  \\$m12mo$0http://rdaregistry.info/termList/bookFormat/1004
=505  0\$aVoyages d'un philosophe, ou observations -- Suite des recherches [i.e. observations].
=650  \0$aAgriculture$zTropics.
=650  \0$aAgriculture$vEarly works to 1800.
=710  2\$aChateau de Chatillon,$eformer owner.$5MnU
=926  \\$aMARS
=967  \\$ascs20170325
=968  \\$aRDA ENRICHED
=997  \\$a2061988
=998  \\$aLDR:01366cam#a2200349#a#4500
=998  \\$b008:760322s1779####ne############000#0#fre#d
=SID  \\$aZ39$bOCLC

