=LDR  02427nam a2200517 a 4500
=001  9955817340001701
=005  20170926150547.0
=008  881117s1789\\\\fr\\\\\\\\\\\f000\0\fre\\
=010  \\$a   88202857 
=035  \\$a(Aleph)003025129UMN01
=035  \\$a(MnU)notisAMJ1239
=035  \\$aMB2109a
=035  \\$aMB2613
=035  \\$a(OCoLC)23767473
=040  \\$aDLC$cDLC$dDLC$dMnU
=043  \\$ae-fr---$anwht---
=050  \4$aHF3558.H2
=110  1\$aFrance.$bAssemblée nationale constituante (1789-1791).$bComité d'agriculture et de commerce.
=245  10$aRapport fait au nom de la section du Comité d'agriculture et de commerce chargée par l'Assemblée nationale de l'examen de la réclamation des députés de Saint-Domingue, relative à l'approvisionnement de l'isle /$cpar M. Gillet de La Jaqueminiere.
=260  \\$aA Paris :$bchez Baudouin, imprimeur de l'Assemblée nationale ...,$c1789.
=300  \\$a56, 36 pages, 1 unnumbered folded leaf ;$c21 cm (8vo)
=336  \\$atext$btxt$2rdacontent
=337  \\$aunmediated$bn$2rdamedia
=338  \\$avolume$bnc$2rdacarrier
=340  \\$m8vo$0http://rdaregistry.info/termList/bookFormat/1003
=490  1\$a[Collection of reports concerning French colonies ;$v1]
=490  1\$a[French pamphlets relating to colonial affairs ;$vv. 2, no. 5-6]
=500  \\$a"Ce rapport de la Section des six du Comité d'agriculture & de commerce a été soumis à ce comité complet, dans son assemblée du 5 de ce mois [Oct. 1789] & il l'a adopté à l'unanimité"--page 56.
=500  \\$aSignatures: A-C⁸ D⁴ ²A⁴ B⁸ C⁶.
=500  \\$aPièces justicatives: 36 pages (2nd group) and the folded leaf.
=504  \\$aIncludes bibliographical references.
=510  4\$aBissainthe, M. Dict. de bib. haitienne,$c6425.
=651  \0$aFrance$xCommerce$zHaiti$vEarly works to 1800.
=651  \0$aHaiti$xCommerce$zFrance$vEarly works to 1800.
=700  1\$aGillet-Lajaqueminière, Louis-Charles,$d1752-1836.
=830  \0$a[Collection of reports concerning French colonies ;$v1].
=830  \0$a[French pamphlets relating to colonial affairs ;$vv. 2, no. 5-6].
=913  \\$avb16
=926  \\$aMARS
=945  \\$aCAT$b1992-04-06$nbao2
=967  \\$ascs20170325
=968  \\$aRDA ENRICHED
=997  \\$a23767473
=998  \\$aLDR:02482nam#a2200493#a#4500
=998  \\$b008:881117s1789####fr###########f000#0#fre##
=999  99$aAMJ1239$bUL

