=LDR  04195nam a22006011a 4500
=001  9955870710001701
=005  20170404063328.0
=008  861106s1797\\\\enkb\\\\\\\\\\001\0\eng\\
=010  \\$a   01006532 
=035  \\$a(Aleph)001896883UMN01
=035  \\$a(MnU)notisASH9205
=035  \\$aBELLTRANSFER0482
=035  \\$a(OCoLC)14644696
=040  \\$aDLC$cDGU$dDGU$d*m/c*$dOCoLC$dRPB$dCStRLIN$dMnU
=050  \4$aF352
=100  1\$aImlay, Gilbert,$d1754?-1828?
=245  12$aA topographical description of the western territory of North America :$bcontaining a succinct account of its soil, climate, natural history, population, agriculture, manners, and customs : with an ample description of the several divisions into which that country is partitioned ... /$cby Gilbert Imlay ... ; illustrated with correct maps of the western territory of North America ; of the state of Kentucky, as divided into counties, from actual surveys by Elihu Barker ; a map of the Tennessee government ; and a plan of the rapids of the Ohio.
=250  \\$a3rd ed., with great additions.
=260  \\$aLondon :$bJ. Debrett,$c1797.
=300  \\$axii, 598 pages, 30 unnumbered pages, 4 unnumbered leaves of plates :$b4 folded maps ;$c22 cm (8vo)
=336  \\$atext$btxt$2rdacontent
=337  \\$aunmediated$bn$2rdamedia
=338  \\$avolume$bnc$2rdacarrier
=340  \\$m8vo$0http://rdaregistry.info/termList/bookFormat/1003
=500  \\$aSignatures: [A]¡]B-2R□]2S℗]
=500  \\$aAdded title page.
=500  \\$aAdvertisements on pages [29]-[30] at end.
=500  \\$aFirst edition, London, 1792.
=500  \\$aIncludes index.
=500  \\$a(cont.) -- XII. Treaty ... between the United States ... and ... Spain, for the free navigation of the Mississippi -- XIII. Plan of association of the North American Land Company, [etc.]
=500  \\$aThe above is the order of contents as given on the title-page, but differs from the numbering and order of articles as given in the book.
=505  0\$aA topographical description of the western territory of North America ... / G. Imlay -- I. The discovery, settlement, and present state of Kentucky ... / J. Filson -- II. An account of the Indian nations inhabiting within the limits of the XIII states ... -- III. The culture of Indian corn ... tobacco ... -- IV. Observations on the ancient works, the native inhabitants of the western country, [etc.] / J. Heart -- V. Historical narrative ... of Louisiana and West-Florida ... / T. Hutchins -- VI. Account of the soil ... timber and other productions ... of the Genesee tract ... -- VII. Remarks for the information of ... settlers in America / Dr. Franklin -- VIII. Topographical description of Virginia, Pennsylvania, Maryland, and North-Carolina / T. Hutchins -- IX. P. Kennedy's Journal up the Illinois River, [etc.] -- X. Description of the state of Tenasee -- XI. An act for establishing Knoxville
=630  00$aSan Lorenzo Treaty, 1795.
=651  \0$aOhio River Valley$xDescription and travel$xEarly works to 1800.
=651  \0$aMississippi River Valley$xHistory$yTo 1803.
=651  \0$aGenesee Region (N.Y.)
=700  1\$aBarker, Elihu.
=700  12$aBoone, Daniel,$d1734-1820.$tAdventures of Daniel Boon.
=700  12$aKennedy, Patrick,$cMr.$tJournal up the Illinois River.
=700  12$aFilson, John,$dapproximately 1747-1788.$tDiscovery, settlement, and present state of Kentucke.
=700  12$aHeart, Jonathan,$d1748-1791.$tObservations on the ancient works, the native inhabitants of the western country.
=700  12$aHutchins, Thomas,$d1730-1789.$tHistorical narrative of Louisiana and West Florida.
=700  12$aFranklin, Benjamin,$d1706-1790.$tRemarks for the information of ... settlers in America.
=700  12$aHutchins, Thomas,$d1730-1789.$tTopographical description of Virginia, Pennsylvania, Maryland, and North Carolina.
=710  2\$aNorth American Land Company.$tPlan of association.
=926  \\$aMARS
=945  \\$aCAT$b1999-06-08$nbao2
=967  \\$ascs20170325
=968  \\$aRDA ENRICHED
=997  \\$a14644696
=998  \\$aLDR:04114nam#a22005771a#4500
=998  \\$b008:861106s1797####enkb##########001#0#eng##
=999  99$aASH9205$bUL

