=LDR  01998nam a22003731  4500
=001  9955937660001701
=005  20170404063603.0
=008  830621s1758\\\\enkbf\\\\\\\\\000\0\eng\d
=035  \\$a(Aleph)002182813UMN01
=035  \\$a(MnU)notisAFG1897
=035  \\$aBELLTRANSFER0344
=035  \\$a(OCoLC)13609251
=040  \\$aMnU$beng$cCaOTULAS
=050  \4$aAC4
=100  1\$aSalmon, Thomas,$d1679-1767.
=245  14$aThe modern gazetteer, or, A short view of the several nations of the world :$babsolutely necessary for rendering the public news, and other historical occurrences, intelligible and entertaining, containing I. An introduction to geography, with directions for the use of the terrestrial globe. II. The situation and extent of all the empires, kingdoms, states, provinces, and chief towns, in Europe, Asia Africa and America, also, a description of the most considerable seas, lakes, rivers and mountains, all rang'd in alphabetical order. III. The produce, manufactures, trade, constitution, forces, revenues, and religion, of the several countries. IV. The genealogies and families of the emperors, kings, and princes, now reigning /$cby Mr. Salmon.
=250  \\$aThe fifth edition, with additions.
=260  \\$aLondon :$bPrinted for S. and E. Ballard [and 13 others],$c1758.
=300  \\$a504 unnumbered pages, 1 unnumbered folded leaf of plates :$billustrations ;$c18 cm (12mo)
=336  \\$atext$btxt$2rdacontent
=337  \\$aunmediated$bn$2rdamedia
=338  \\$asheet$bnb$2rdacarrier
=340  \\$m12mo$0http://rdaregistry.info/termList/bookFormat/1004
=500  \\$aPrinted in double columns.
=500  \\$aAdvertisements: Last 3 pages.
=650  \0$aGeography$vEarly works to 1800$xDictionaries$xEnglish.
=926  \\$aMARS
=945  \\$aCAT$b1988-05-01$nbao2
=967  \\$ascs20170325
=968  \\$aRDA ENRICHED
=997  \\$a13609251
=998  \\$aLDR:01907nam#a22003491##4500
=998  \\$b008:830621s1758####enkbf#########000#0#eng#d
=999  99$aAFG1897$bUL

