=LDR  02500cam a2200481 a 4500
=001  9944607770001701
=005  20170403012955.0
=008  060727s1780\\\\sp\\\\\\\b\\\\001\0\spa\d
=035  \\$a(Aleph)006376857UMN01
=035  \\$aMB5891
=035  \\$a(OCoLC)84696137
=040  \\$aRPJCB$edcrmb$cRBN$dMnU
=041  1\$aspa$hfre
=043  \\$ae-ur---
=050  \4$aDK23
=099  \9$a1780 Str
=245  00$aNueva descripcion geographica del Imperio Ruso, en particular y en general de todas las provincias que componen aquel dilatado imperio, con muchas noticias historicas antiguas y modernas :$bLos nuevos descrubrimientos que se han hecho hasta hoy. Un vocabulario y una gramatica de las dos principales naciones tartaras, que son los calmucos y los mungales. Una idea de las lenguas de las naciones septentrionales: con algunas notas curiosas del traductor /$cTraducida del francés por el Dr. don Josef Vicente Tomás y Catalá, abogado de los del Colegio de la Ciudad de Valencia.
=260  \\$aEn Valencia :$bPor Francisco Burguete, impresor del S. Oficio,$cAño 1780.
=300  \\$a2 volumes (28 unnumbered pages, 188 pages, 8 unnumbered pages, 237 pages, 1 unnumbered page) ;$c21 cm (4to)
=336  \\$atext$btxt$2rdacontent
=337  \\$aunmediated$bn$2rdamedia
=338  \\$avolume$bnc$2rdacarrier
=340  \\$m4to$0http://rdaregistry.info/termList/bookFormat/1002
=500  \\$aFrench original unknown.
=500  \\$aAt foot of title: Se hallará en la misma imprenta, vive en la Bolsería. Y en la Librería de Justo Fustér, calle de Quarte.
=500  \\$aSignatures: volume 1: pi² [par.]-2[par.]⁴ *⁴ A-Z⁴ 2A² (pi1 verso blank); volume 2: [par.]⁴ A-2F⁴ 2G⁴ (-2G4) ([par.]1 verso blank).
=500  \\$aTitle page vignette: printer's device.
=500  \\$a"Erratas en la descripcion historica del Imperio Ruso (volume 1, pages [28], 1st count)."
=504  \\$aIncludes bibliographical references and index (volume 2, pages 214-237).
=510  4\$aPalau y Dulcet (2. ed.)$c196168
=650  \0$aMongolian languages.
=651  \0$aRussia$xDescription and travel$vEarly works to 1800.
=651  \0$aRussia$xHistory.
=653  \\$aImprint 1780
=700  1\$aTomás y Catalá, Josef Vicente.
=752  \\$aSpain$dValencia.
=926  \\$aMARS
=967  \\$ascs20170325
=968  \\$aRDA ENRICHED
=997  \\$a84696137
=998  \\$aLDR:02499cam#a2200457#a#4500
=998  \\$b008:060727s1780####sp#######b####001#0#spa#d
=SID  \\$aZ39$bOCLC

