=LDR  02850cam a2200637 a 4500
=001  9944609480001701
=005  20170403013000.0
=008  840724s1781\\\\fr\abf\\\b\\\\000\0\fre\d
=019  \\$a23625310
=035  \\$a(Aleph)006376602UMN01
=035  \\$aMB1848
=035  \\$a(OCoLC)10981055
=040  \\$aCSL$edcrmb$cCSL$dB2Q$dDIBAM$dOCLCQ$dOCLCG$dAMAZN$dMNU
=041  1\$afre$heng
=043  \\$apo-----$ae-urs--$ae-ur---$aa-cc---
=049  \\$aMNUA
=050  \4$aG680$b.C87
=099  \9$a1781 Co
=100  1\$aCoxe, William,$d1747-1828.
=240  10$aNew discoveries in Asia and America.$lFrench
=245  14$aLes nouvelles découvertes des Russes, entre l'Asie et l'Amérique :$bavec l'histoire de la conquête de la Sibérie & du commerce des Russes & des Chinois /$couvrage traduit de l'anglois de M. Coxe.
=260  \\$aA Paris :$bHôtel de Thou, Rue de Poitevins,$cMDCCLXXXI [1781]
=300  \\$a6 unnumbered pages, xxii, 314 pages, 5 folded leaves of plates :$billustrations, maps ;$c26 cm (4to)
=336  \\$atext$btxt$2rdacontent
=337  \\$aunmediated$bn$2rdamedia
=338  \\$avolume$bnc$2rdacarrier
=340  \\$m4to$0http://rdaregistry.info/termList/bookFormat/1002
=500  \\$aSignatures: pi⁴ (-pi4) a-b⁴ c⁴ (-c4) A-2Q⁴ chi²
=500  \\$a"Avertissement::" p. [i]-ij.
=500  \\$aTitle page vignette, head- and tail-pieces.
=500  \\$aPlates signed: Benard, direxit.
=504  \\$aIncludes bibliographical references.
=546  \\$aTranslation of: New discoveries in Asia and America.
=650  \0$aDiscoveries in geography$xRussian$vEarly works to 1800.
=650  \6$aDécouvertes géographiques russes.
=650  \7$aDESCUBRIMIENTOS GEOGRAFICOS.$2renib
=651  \0$aIslands of the Pacific$vEarly works to 1800.
=651  \0$aSiberia (Russia)$xHistory
=651  \0$aRussia$xCommerce$zChina$vEarly works to 1800.
=651  \0$aChina$xCommerce$zRussia$vEarly works to 1800.
=651  \6$aSibérie (Russie)$xDécouverte et exploration.
=651  \6$aBéring, Mer de$xDécouverte et exploration.
=651  \6$aKamtchatka (Russie)$xDécouverte et exploration.
=651  \7$aISLAS DEL PACIFICO.$2renib
=651  \7$aSIBERIA (RUSIA (URSS))$xHISTORIA.$2renib
=651  \7$aRUSIA (URSS)$xCOMERCIO$zCHINA.$2renib
=651  \7$aCHINA$xCOMERCIO$zRUSIA (URSS)$2renib
=700  1\$aBénard, Robert,$d1734-$eengraver.
=700  1\$aDietrichstein, Moritz,$cGraf von,$d1775-1864,$eformer owner.$5MnU
=776  08$iOnline version:$aCoxe, William, 1747-1828.$tNouvelles découvertes des Russes, entre l'Asie et l'Amérique.$dParis, Hotel de Thou, 1781$w(OCoLC)556874483
=926  \\$aMARS
=967  \\$ascs20170325
=968  \\$aRDA ENRICHED
=997  \\$a10981055
=998  \\$aLDR:02863cam#a2200613#a#4500
=998  \\$b008:840724s1781####fr#abf###b####000#0#fre#d

