=LDR  02609cam a2200541 a 4500
=001  9944613260001701
=005  20170403013013.0
=008  820624m17811783fr\\\\\\\de\\\000\0\fre\\
=010  \\$a   02021556 
=035  \\$a(Aleph)006371325UMN01
=035  \\$aMB5889
=035  \\$a(OCoLC)13609936
=040  \\$aDLC$edcrmb$cPAU$dOCLCQ$dOCLCG$dHMY$dMnU
=043  \\$aaw-----$aae-----
=050  \4$aDS7$b.H47 1781x
=082  04$a950
=099  \9$a1781 He
=100  1\$aHerbelot de Molainville, d'$q(Barthelemy d'),$d1625-1695.
=245  10$aBibliothèque orientale, ou, Dictionnaire universel, contenant tout ce qui fait connoître les peuples de l'Orient :$bleurs histoires & traditions, tant fabuleuses que véritables; leurs religions & leurs sectes : leurs gouvernements, loix, politique, moeurs, coutumes & les révolutions de leurs empires, &c. /$cpar M. d'Herbelot.
=250  \\$aNouvelle édition, réduite & augmentée par M.D.
=260  \\$aParis :$bMoutard, ... rue des Mathurins, Hôtel de Cluny,$cMDCCLXXXI-MDCCLXXXIII [1781-1783]
=300  \\$a6 volumes ;$c20 cm (8vo)
=336  \\$atext$btxt$2rdacontent
=337  \\$aunmediated$bn$2rdamedia
=338  \\$avolume$bnc$2rdacarrier
=340  \\$m8vo$0http://rdaregistry.info/termList/bookFormat/1003
=500  \\$aAbridged by Nicolas Toussaint Lemoyne Desessarts.
=505  0\$at. 1. Avertissement de l'éditeur. Notice historique de la vie de d'Herbelot. Observations importantes sur l'Hégire. Bibliothèque orientales: Abakakhan-Balaam -- t. 2. Balas-Gezirat-Kheschk -- t. 3. Ghebr-Luthfallah -- t. 4. Mabed Ben Khaled-Pour -- t. 5. Rabban-Tozoun -- t. 6. Tuiuk-Zou Ben Thahamasb. Paroles remarquables des Orientaux. Approbation. Privilege du roi.
=650  \0$aIslam$vDictionaries$xFrench.
=650  \0$aOriental literature$xHistory and criticism.
=650  \0$aArabic literature$xHistory and criticism.
=650  \0$aTurkish literature$xHistory and criticism.
=650  \0$aPersian literature$xHistory and criticism.
=650  \0$aTatars.
=651  \0$aMiddle East.
=651  \0$aEast Asia.
=700  1\$aCousin, Louis,$d1627-1707.
=700  1\$aGalland, Antoine,$d1646-1715,$eeditor.
=700  0\$aKâtip Çelebi,$d1609-1657.$tKashi al Zunūn.
=700  1\$aDesessarts, Nicolas Toussaint Lemoyne,$d1744-1810.
=700  1\$aGurney, John,$cSir,$d1768-1845,$eformer owner.$5MnU
=926  \\$aMARS
=967  \\$ascs20170325
=968  \\$aRDA ENRICHED
=997  \\$a13609936
=998  \\$aLDR:02595cam#a2200517#a#4500
=998  \\$b008:820624m17811783fr#######de###000#0#fre##
=SID  \\$aZ39$bOCLC

