=LDR  01814cam a2200457 i 4500
=001  9944817580001701
=005  20170403014525.0
=008  841001m17091710ne\abf\\\\\\\\000\0\fre\\
=010  \\$a05007865
=035  \\$a(Aleph)002126813UMN01
=035  \\$a(MnU)notisADU4266
=035  \\$aMB6613
=035  \\$a(OCoLC)62484065
=040  \\$beng$erda$edcrmb$cCarP$dMnU
=043  \\$aa-ii---
=050  \4$aDS461.7$b.B5 1710
=099  \9$a1710 Be
=100  1\$aBernier, François,$d1620-1688$eauthor.
=245  10$aVoyages de François Bernier docteur en medecine de la faculté de Montpellier, contenant la description des etats du Grand Mogol, de l'Hindoustan, du royaume de Kachemire, &c. ...
=264  \1$aA Amsterdam :$bchez Paul Marret, Marchand Libraire dans le Beurs-straet, à la Renommée,$cMDCCIX-MDCCX (1709-1710).
=300  \\$a2 volumes, folded plates :$billustrations, folded maps ;$c16 cm (12mo)
=336  \\$atext$btxt$2rdacontent
=337  \\$aunmediated$bn$2rdamedia
=338  \\$avolume$bnc$2rdacarrier
=340  \\$m12mo$0http://rdaregistry.info/termList/bookFormat/1004
=500  \\$aVolume one dated 1710, volume two dated 1709.
=651  \0$aMogul Empire$vEarly works to 1800.
=651  \0$aIndia$xDescription and travel$vEarly works to 1800.
=651  \0$aIndia$xSocial life and customs$vEarly works to 1800.
=651  \0$aIndia$xHistory$y1526-1765
=651  \0$aIndia$vMaps$vEarly works to 1800.
=700  1\$aMarret, Paul,$ebookseller.
=700  1\$aSwinburne, John E.,$cSir,$d1762-1860,$eformer owner.$5MnU
=926  \\$aMARS
=945  \\$aCAT$b1987-10-22$nvlr1
=967  \\$ascs20170325
=968  \\$aRDA ENRICHED
=997  \\$a62484065
=998  \\$aLDR:01727cam#a2200433#i#4500
=998  \\$b008:841001m17091710ne#abf########000#0#fre##
=999  99$aADU4266$bUL

