=LDR  01838nam a2200433 a 4500
=001  9935242320001701
=005  20170401041621.0
=008  910425s1772\\\\enk\\\\\\\\\\\000\0\eng\d
=035  \\$a(Aleph)000476493UMN01
=035  \\$a(MnU)notisANV3040
=035  \\$aMB2649
=035  \\$a(OCoLC)2137358
=040  \\$aMnU$edcrmb$cMnU$dMnU
=043  \\$aa-ii---$ae-uk---
=050  14$aHF486$b.E7 1771
=099  \9$a1772 Da
=100  1\$aDalrymple, Alexander,$d1737-1808.
=245  14$aThe measures to be pursued in India, for ensuring the permanency, and augmenting the commerce, of the Company, farther considered :$bwith the heads of a plan for carrying those measures into execution /$cby the author of Observations on the present state of the East India Company, &c.
=260  \\$aLondon :$bPrinted for J. Nourse, bookseller to His Majesty,$cMDCCLXXII [1772]
=300  \\$a1 unnumbered leaf, 46 pages ;$c22 cm (8vo)
=336  \\$atext$btxt$2rdacontent
=337  \\$aunmediated$bn$2rdamedia
=338  \\$avolume$bnc$2rdacarrier
=340  \\$m8vo$0http://rdaregistry.info/termList/bookFormat/1003
=500  \\$aAttributed to Alexander Dalrymple--Cf. Halkett & Laing, Goldsmiths' Library, Kress Library.
=500  \\$aSometimes attributed to John Scott-Waring--Cf. NUC pre-1956.
=510  4\$aHiggs, H. Bibl. of economics$c5486
=610  20$aEast India Company$vEarly works to 1800.
=651  \0$aGreat Britain$xCommercial policy$vEarly works to 1800.
=700  1\$aScott,$cMajor$q(John),$d1747-1819.
=740  0\$aAmes Library pamphlet collection ; 75:2$5MnU Ames
=773  18$gno:75$w9953698840001701
=926  \\$aMARS
=967  \\$ascs20170325
=968  \\$aRDA ENRICHED
=997  \\$a2137358
=998  \\$aLDR:01768nam#a2200421#a#4500
=998  \\$b008:910425s1772####enk###########000#0#eng#d
=999  99$aANV3040$bUL

