=LDR  02194nam a2200529 a 4500
=001  9935262860001701
=005  20170401041723.0
=008  910801s1772\\\\enk\\\\\\\\\\\000\0\eng\d
=035  \\$a(Aleph)000476411UMN01
=035  \\$a(MnU)notisANV2590
=035  \\$aMB4566
=035  \\$a(OCoLC)30452256
=040  \\$aMnU$edcrmb$cMnU$dMnU
=043  \\$ae-uk---$aa-ii---
=050  \4$aHB151
=099  \9$a1772 Da1
=100  1\$aDalrymple, Alexander,$d1737-1808.
=245  10$aConsiderations on a pamphlet, entitled "Thoughts on our acquisitions in the East-Indies, particularly respecting Bengal."
=260  \\$aLondon :$bPrinted in the year 1772 and sold by J. Nourse, bookseller in ordinary to his majesty, and P. Elmsly, in the Strand, Brotherton and Sewell in Cornhill, and J. Robson, New-Bond-Street,$c[1772]
=300  \\$a71 pages ;$c21 cm (8vo)
=336  \\$atext$btxt$2rdacontent
=337  \\$aunmediated$bn$2rdamedia
=338  \\$avolume$bnc$2rdacarrier
=340  \\$m8vo$0http://rdaregistry.info/termList/bookFormat/1003
=500  \\$aSignatures: B-E⁸ F⁴
=500  \\$aAttributed to Alexander Dalrymple--Cf. NUC pre-1956.
=500  \\$aCaption title.
=500  \\$aThe pamphlet referred to is by George Johnstone.
=510  4\$aHiggs, H. Bibl. of economics$c5487
=600  10$aJohnstone, George,$d1730-1787.$tThoughts on our acquisitions in the East Indies, particularly respecting Bengal.
=610  20$aEast India Company$vEarly works to 1800.
=651  \0$aIndia$xColonization$vEarly works to 1800.
=651  \0$aEast Indies$xColonization$vEarly works to 1800.
=700  1\$aNourse, J.$q(John),$d-1780,$ebookseller.
=700  1\$aElmsley, Peter,$d1734 or 1735-1802,$ebookseller.
=700  1\$aRobson, James,$d1733-1806,$ebookseller.
=700  1\$aNanage, C.,$eformer owner.$5MnU
=710  2\$aBrotherton and Sewell,$ebooksellers.
=773  18$gno:69$w9953698840001701
=830  \0$a[Ames Library pamphlet collection ;$v69:7].
=926  \\$aMARS
=967  \\$ascs20170325
=968  \\$aRDA ENRICHED
=997  \\$a30452256
=998  \\$aLDR:02124nam#a2200517#a#4500
=998  \\$b008:910801s1772####enk###########000#0#eng#d
=999  99$aANV2590$bUL

