=LDR  02596nam a2200541 a 4500
=001  9935312220001701
=005  20170401042521.0
=008  880525m17701771enkabf\\\\\\\\001\0\eng\d
=010  \\$a   02013568 
=035  \\$a(Aleph)002250999UMN01
=035  \\$a(MnU)notisAGY1077
=035  \\$aMB5352
=035  \\$aRAREDUPS0020
=035  \\$a(OCoLC)708941
=040  \\$aMnU$beng$cMnU$dMnU
=041  1\$aeng$hswe
=043  \\$an-us---$an-cn---$an------
=050  \4$aE162$b.K1713 1770
=100  1\$aKalm, Pehr,$d1716-1779
=240  10$aResa til Norra America.$lEnglish
=245  10$aTravels into North America :$bcontaining its natural history, and a circumstantial account of its plantations and agriculture in general, with the civil, ecclesiastical and commercial state of the country, the manners of the inhabitants, and several curious and important remarks on various subjects /$cby Peter Kalm ... ; translated into English by John Reinhold Forster ... ; enriched with a map, several cuts for the illustration of natural history, and some additional notes.
=260  \\$aWarrington :$bPrinted by William Eyres,$cMDCCLXX-MDCCLXXI [1770-1771]
=300  \\$a3 volumes :$bplates, folded map ;$c21 cm (8vo)
=336  \\$atext$btxt$2rdacontent
=337  \\$aunmediated$bn$2rdamedia
=338  \\$avolume$bnc$2rdacarrier
=340  \\$m8vo$0http://rdaregistry.info/termList/bookFormat/1003
=500  \\$aVolumes 2-3 have imprint: London : Printed for the editor and sold by T. Lowndes in Fleet-street.
=500  \\$aThis translation omits a great number of details, and everything relating to England. It contains drawings of American birds and animals not found in the original.
=500  \\$aMap by J. Gibson, sculp.
=500  \\$aIndex at end of volume 3.
=650  \0$aNatural history$zUnited States.
=650  \0$aNatural history$zCanada.
=650  \0$aScientific expeditions$zNorth America$vEarly works to 1800.
=651  \0$aUnited States$xDescription and travel$vEarly works to 1800.
=651  \0$aCanada$xDescription and travel$vEarly works to 1800.
=651  \0$aNorth America$vMaps$vEarly works to 1800.
=700  1\$aForster, Johann Reinhold,$d1729-1798,$etranslator.
=700  1\$aGibson, J.$q(John),$dactive 1750-1792,$eengraver.
=700  1\$aEyres, William,$d1734-$eprinter.
=700  1\$aLowndes, Thomas,$d1719-1784,$ebookseller.
=926  \\$aMARS
=967  \\$ascs20170325
=968  \\$aRDA ENRICHED
=997  \\$a708941
=998  \\$aLDR:02499nam#a2200517#a#4500
=998  \\$b008:880525m17701771enkabf########001#0#eng#d
=999  99$aAGY1077$bUL

