=LDR  01317aam a2200409 a 4500
=001  9942853000001701
=005  20170402065247.0
=008  800522s1779\\\\fr\\\\\\\\\\\\000\0\fre\\
=010  \\$a   09029760 
=035  \\$a(Aleph)006273919UMN01
=035  \\$aMB4950
=035  \\$a(OCoLC)6349518
=040  \\$aDLC$cVA@$dDLC$dMnU
=043  \\$ae-fr---$ae-uk---
=045  \\$av7v8
=050  00$aDC136.6$b.E8
=082  04$a973.324
=099  \9$a1779 Ex
=245  00$aExposé des motifs de la conduite du roi :$brelativement à l'Angleterre.
=260  \\$aParis :$bDe l'Imprimerie royale,$cMDCCLXXIX [1779]
=300  \\$a14 pages ;$c23 cm (4to)
=336  \\$atext$btxt$2rdacontent
=337  \\$aunmediated$bn$2rdamedia
=338  \\$avolume$bnc$2rdacarrier
=340  \\$m4to$0http://rdaregistry.info/termList/bookFormat/1002
=500  \\$aCaption title.
=500  \\$aImprint from colophon.
=650  \0$aAnglo-French War, 1778-1783.
=651  \0$aFrance$xForeign relations$zGreat Britain$vEarly works to 1800.
=651  \0$aGreat Britain$xForeign relations$zFrance$vEarly works to 1800.
=926  \\$aMARS
=967  \\$ascs20170325
=968  \\$aRDA ENRICHED
=997  \\$a6349518
=998  \\$aLDR:01231aam#a2200385#a#4500
=998  \\$b008:800522s1779####fr############000#0#fre##
=SID  \\$aZ39$bOCLC

