=LDR  01594cam a2200421 a 4500
=001  9942866160001701
=005  20170402065650.0
=008  820920s1779\\\\sz\\\\\\\\\\\\000\0\fre\\
=010  \\$a   04021098 
=035  \\$a(Aleph)006273890UMN01
=035  \\$aMB951
=035  \\$a(OCoLC)8787957
=040  \\$aDLC$cSMI$dOCL$dOCLCQ$dOCLCG$dMnU
=043  \\$anwxk---$anw-----
=050  00$aF2100$b.C47
=099  \9$a1779 Ch
=100  1\$aChardon, Daniel-Marc-Antoine,$d1731-1805.
=245  10$aEssai sur la colonie de Sainte-Lucie /$cpar un ancien intendant de cette isle ; suivi de trois mémoires intéressans, deux concernant les Jésuites, & le troisieme le general d'Oxat.
=260  \\$aA Neuchatel :$bDe l'Imprimerie de la Société typographique,$cMDCCLXXIX [1779]
=300  \\$aii, 154 pages ;$c19 cm (8vo)
=336  \\$atext$btxt$2rdacontent
=337  \\$aunmediated$bn$2rdamedia
=338  \\$avolume$bnc$2rdacarrier
=340  \\$m8vo$0http://rdaregistry.info/termList/bookFormat/1003
=500  \\$aTitle vignette; head- and tail-pieces.
=500  \\$aPublished anonymously.
=500  \\$aThe two "Mémoires concernant les Jésuites" are by Louis Nicolas Prétrel.
=600  10$aDoxat, Nicolas,$cseigneur de Démoret,$d1682-1738.
=610  20$aJesuits$zWest Indies.
=651  \0$aSaint Lucia.
=700  1\$aPrétrel, Louis Nicolas,$d1705-1765.
=926  \\$aMARS
=967  \\$ascs20170325
=968  \\$aRDA ENRICHED
=997  \\$a8787957
=998  \\$aLDR:01556cam#a2200397#a#4500
=998  \\$b008:820920s1779####sz############000#0#fre##
=SID  \\$aZ39$bOCLC

