=LDR  02069cam a2200481 a 4500
=001  9942874130001701
=005  20170402065440.0
=008  860331m17791792sp\\\\\\\b\\\\000\0\spa\d
=010  \\$a   04030305 
=035  \\$a(Aleph)006273833UMN01
=035  \\$aMB1368
=035  \\$a(OCoLC)13814320
=040  \\$aRBN$cRBN$dDIBAM$dOCLCG$dSTF$dMnU
=043  \\$ae-sp---
=050  04$aDP402.B2$bC2
=099  \9$a1779 Ca
=100  1\$aCapmany y de Montpalau, Antonio de,$d1742-1813.
=245  10$aMemorias historicas sobre la marina comercio y artes de la antigua ciudad de Barcelona. :$bPublicadas por disposicion y a expensas de la Real junta y consulado de comercio de la misma ciudad /$cY dispuestas por D. Antonio de Capmany y de Montpalau.
=246  18$aMemorias de Barcelona
=260  \\$aMadrid :$bEn la Imprenta de D. Antonio de Sancha,$cMDCCLXXIX-MDCCXCII [1779-1792]
=300  \\$a4 volumes ;$c27 cm (4to)
=336  \\$atext$btxt$2rdacontent
=337  \\$aunmediated$bn$2rdamedia
=338  \\$avolume$bnc$2rdacarrier
=340  \\$m4to$0http://rdaregistry.info/termList/bookFormat/1002
=500  \\$aEngraved title pages; title page for volumes 1-2 in red and black.
=500  \\$aHalf title page in each volume; half title of volumes 3-4: Suplemento a las memorias historicas . . .
=500  \\$aHead- and tail-pieces, initials.
=500  \\$aVolume 1: xxiv, [2], 185, [3], 260, [2], 148, [6] pages; volume 2: [4], xvi, [2], 471, [1], XIII, [1], XXX, [2], 124, iii, [1] pages (last p. blank).
=500  \\$aErrata: 1 leaf at end of each v.
=504  \\$aIncludes bibliographical references.
=510  4\$aBN,$cv. 23, column 572;
=510  4\$aBM,$cv. 11, column 268.
=651  \0$aBarcelona (Spain)$xHistory.
=651  \0$aBarcelona (Spain)$xCommerce$xHistory.
=710  1\$aBarcelona (Spain).$bReal Junta de Comercio.
=926  \\$aMARS
=967  \\$ascs20170325
=968  \\$aRDA ENRICHED
=997  \\$a13814320
=998  \\$aLDR:01971cam#a2200457#a#4500
=998  \\$b008:860331m17791792sp#######b####000#0#spa#d
=SID  \\$aZ39$bOCLC

