=LDR  05941cam a2200601 a 4500
=001  9943020930001701
=005  20170402071304.0
=008  880217r17751774gw\abf\\\\\\\\000\0\ger\d
=035  \\$a(Aleph)006076610UMN01
=035  \\$aMB6307
=035  \\$a(OCoLC)79123095
=040  \\$aRPJCB$cRBN$dOCLCG$dMnU
=041  1\$ager$heng
=043  \\$apo-----
=099  \9$a1775 Ha1
=130  3\$aAn Account of the voyages undertaken by the order of His present Majesty.$lGerman.
=245  10$aAusführliche und glaubwürdige Geschichte der neuesten Reisen um die Welt, welche auf Befehl und Kosten des jetztregierenden Königs von England in den Jahren 1764 bis 1772 von erfahrnen Seeleuten und anderen berühmten Gelehrten, unternommen worden sind, um die äussere Gestalt unserer bewohnten Erdkugel näher kennen zu lernen, und vornehmlich um in dem grossen bishero noch ziemlich unerforschtem [sic] Süd-Meere neue Länder zu entdecken /$caus den Tagebüchern derer Schiffs-Capitains, und anderen Gelehrten welche zu diesen Expeditionen gebraucht worden, namentlich: des Commodore Byron Capitain Wallis Capitain Carteret Capitain Coock, und der einsichtsvollen Naturforscher Herren Banks und D. Solander &c. getreulich zusammen getragen, und in eine aneinanderhängende Erzählung gebracht, von Dr. J.J. Hawkesworth. In vier Bänden, ... Aus dem Englischen übersetzt durch Johann Friedrich Schiller.
=260  \\$aBerlin :$bBey Haude und Spener,$c1775.
=300  \\$a4 volumes (volumes1: [4], 59, 59*, 60, 60*, 61-78, 412 pages, [4] folded leaves of plates; volumes2: 8, 219, 220/222 pages, [2], vi, [225]-478 pages, [4] folded leaves of plates; volumes3: [16], [479]-568 pages, [3]-327 pages, [1] page, [11] leaves of plates (some folded); volumes4: [4], iv, [327]-624, 627-770, 781-826 pages, [2] leaves of plates) :$billustrations, maps ;$c21 cm (8vo)
=336  \\$atext$btxt$2rdacontent
=337  \\$aunmediated$bn$2rdamedia
=338  \\$avolume$bnc$2rdacarrier
=340  \\$m8vo$0http://rdaregistry.info/termList/bookFormat/1003
=500  \\$aTranslation, by Johann Christoph Friedrich Schiller, of: An Account of the voyages undertaken by order of His present Majesty for making discoveries in the Southern hemisphere. [2nd edition]. London, 1773.
=500  \\$aEdited by John Hawkesworth.
=500  \\$aOriginally published under title: Geschichte der See-Reisen und Entdeckungen im Süd-Meer, welche auf Befehl Sr. Grossbrittanischen Majestät unternommen. Berlin, 1774. 3 v., in quarto.
=500  \\$aEdition in octavo. Other German editions in this format published under title: Beschreibung der Reisen um die Welt, und Entdeckungen im Südmeer. Hamburg, 1775; and: Geschichte der See-Reisen, nach dem Südmeere. Frankfurt and Leipzig, 1775.
=500  \\$aThe error"unerforschtem" in the title of volume 1 is replaced by the correct version "unerforschten" in the title of volumes 2-4.
=500  \\$aSignatures: volume 1: pi1 2pi1 )(-4)(⁸ (-4)(6; 4)(5+chi²) 5)(⁸ (-5)(2) A-U⁸ (±U5) X-2B⁸ 2C⁶ (pi1 verso, M6 verso blank); volume 2: pi⁴ A-O⁸ (-O7, O8) chi1 *² 2chi1 P-2F⁸ 2G⁶ 3chi1 (pi1 verso, A1 verso, chi1 verso blank); volume 3: [dagger]⁸ ([dagger] 2 signed "[dagger]") chi1 2H-2M⁸ 2N⁴ [A]⁶ B-X⁸ (-X4-X8, see volume 4) 2chi1 ([dagger] 1 verso, 2chi1 verso blank); volume 4: pi1 2pi1 3pi² [X]⁸ (-X1-X3, see volume 3) Y-3E⁸ (-3E1; 3E2 signed "Eee"; pi1 verso blank).
=500  \\$aVolume 2: page 226 misnumb.: "126"; volume 4: page 475 misnumb.: "175". Page numbers 625-626 and 771-780 in volume 4 not used.
=500  \\$aPlates unnumbered, except for the four maps (two each in volume 1 and volume 3) which are numbered: 1., 7., 35., N.o. 39.
=500  \\$aErrata (volume 1: pages 78, 1st count; volume 2: pages 8, 1st count; volume 3: pages [16], 1st count; volume 4: p. iv).
=500  \\$aContents: Beschreibung einer Reise um die Welt, welche der Commodore Byron, in Sr. Majestät Schiffe, dem Dolphin, während den Jahren 1764, 1765 und 1766 unternommen hat (volume 1: pages [1]-186, 3rd count. 2 maps). -- Beschreibung einer Reise um die Welt, in den Jahren 1766, 1767 und 1768. Von Samuel Wallis, Esq; Befehlshabern von Sr. Majestät Schiffe, dem Dolphin (volume 1: pages [187]-412. 1 table, 1 pl.. -- Beschreibung einer Reise um die Welt, in den Jahren 1766, 1767, 1768 und 1769. Von Philipp Carteret, Esquire, Befehlshabern von Seiner Majestät Schaluppe, die Swallow (volume 2: pages [1]-220/222). -- Beschreibung einer Reise um die Welt, welche der Lieutenant J. Cook in dem Königl. englischen Schiffe der Endeavour in den Jahren 1766, 1767, 1768, 1769 gethan hat (volume 2: pages [1], 3rd count, i-vi, [225]-478. 4 pls.; volume 3: pages [479]-568, [3]-327. 2 maps, 9 pls.; volume 4: pages [327]-624, 627-770, 781-826. 2 pls.); an account of Cook's first circumnavigation; the Errata in volume 2: pages 8, 1st count, correct the dates in the title of Cook's contribution to: "1768, 1769, 1770 und 1771."
=500  \\$aAll four accounts of voyages with several chapters on South America.
=510  4\$aBrown, J.C. Cat., 1493-1800,$c3:2082.
=510  4\$aBib. Captain James Cook$c662.
=510  4\$aEngelmann, W. Bib. geographica,$c98.
=510  4\$aDu Rietz, R. Bib. Polynesiana,$c537n.
=650  \0$aVoyages around the world.
=650  \0$aPatagonians.
=650  \0$aGiants.
=651  \0$aOceania$xDescription and travel.
=700  1\$aHawkesworth, John,$d1715?-1773.
=700  1\$aByron, John,$d1723-1786.$tVoyage round the world, in His Majesty's ship The Dolphin.$lGerman.
=740  0\$aAusführliche und glaubwürdige Geschichte der neuesten Reisen um die Welt.
=752  \\$aGermany$dBerlin.
=926  \\$aMARS
=967  \\$ascs20170325
=968  \\$aRDA ENRICHED
=997  \\$a79123095
=998  \\$aLDR:06067cam#a2200577#a#4500
=998  \\$b008:880217r17751774gw#abf########000#0#ger#d
=SID  \\$aZ39$bOCLC

