=LDR  01881aam a2200397 a 4500
=001  9943075420001701
=005  20170402071732.0
=008  020526s1779\\\\enkad\\\\\\\\\000\0\eng\d
=035  \\$a(Aleph)006271255UMN01
=035  \\$aMB4284
=035  \\$a(OCoLC)54322463
=040  \\$aCUD$cCUD$dMnU
=050  \4$aVK801
=099  \9$a1779 oEn
=245  04$aThe English pilot for the southern navigation, describing the sea-coasts, capes, headlands, bays, roads, harbours, rivers and ports :$btogether with the soundings, sands, rocks, and dangers on the coasts of England, Scotland, Ireland, Holland, Flanders, Spain, Portugal, to the Streight's-Mouth : with the coasts of Barbary and off to the Canary, Madeira, Cape de Verde and Western Islands : shewing the courses and distances from one place to another, the setting of the tides and currents, the ebbing and flowing of the sea, &c.
=260  \\$aLondon :$bPrinted for J. Mount, T. Page, W. Mount, & T. Page, on Tower Hill,$cMDCCLXXIX [1779]
=300  \\$a2 unnumbered pages, 92 pages, 19 folded leaves of plates :$billustrations, charts ;$c48 cm (folio)
=336  \\$atext$btxt$2rdacontent
=337  \\$aunmediated$bn$2rdamedia
=338  \\$avolume$bnc$2rdacarrier
=340  \\$mfolio$0http://rdaregistry.info/termList/bookFormat/1001
=500  \\$aBased on the work by John Seller.
=500  \\$aTitle page vignette.
=650  \0$aPilot guides$vEarly works to 1800.
=650  \0$aNavigation$vEarly works to 1800.
=700  1\$aSeller, John,$dactive 1658-1698.
=700  1\$aPage, T.$q(Thomas),$eprinter.
=700  1\$aMount, William,$d-1769,$eprinter.
=700  1\$aMount, J.$q(John),$eprinter.
=926  \\$aMARS
=967  \\$ascs20170325
=968  \\$aRDA ENRICHED
=997  \\$a54322463
=998  \\$aLDR:01787aam#a2200373#a#4500
=998  \\$b008:020526s1779####enkad#########000#0#eng#d
=SID  \\$aZ39$bOCLC

