=LDR  01921nam a2200409 a 4500
=001  9943090370001701
=005  20170402071637.0
=008  120228s1779\\\\sp\abf\\\\\\\\001\0\spa\d
=035  \\$a(Aleph)006271651UMN01
=035  \\$aMB5260
=035  \\$a(OCoLC)316875665
=040  \\$aMnU$cMnU
=043  \\$as-ve---$acc-----$acl-----
=050  \4$aF2322$b.C38 1779
=099  \9$a1779 fCa
=100  1\$aCaulín, Antonio,$d1719-1802.
=240  10$aHistoria coro-gráphica natural y evangélica de la Nueva Andalucía
=245  10$aHistoria coro-graphica natural y evangelica dela Nueva Andalucia, provincias de Cumaná, Guayana, y vertientes del rio Orinoco /$cdedicada al Rei N.S.D. Carlos III por el M.R.P. Fr. Antonio Caulín. Dada áluz de orden, y á expens. de S.M.
=260  \\$aEn Madrid :$bPor Juan de San Martin, Impresor de la Secretaría de Estado,$cAño de 1779.
=300  \\$a18 unnumbered pages, 482 pages, 13 unnumbered pages, 4 unnumbered leaves of plates (1 folded) :$billustrations, map ;$c31 cm (folio)
=336  \\$atext$btxt$2rdacontent
=337  \\$aunmediated$bn$2rdamedia
=338  \\$avolume$bnc$2rdacarrier
=340  \\$mfolio$0http://rdaregistry.info/termList/bookFormat/1001
=500  \\$aPublication information from colophon.
=500  \\$aEngraved t. p.; initials; head and tail pieces.
=500  \\$a"Memorial deprecatorio y carta humildemente exortatoria à los religiosos ... que se halláren movidos por inspiracion divina para la conversion de indios infieles ... ": pages 468-482.
=500  \\$aIncludes index.
=610  20$aCatholic Church$zVenezuela.
=651  \0$aVenezuela.
=710  2\$aSociety of Writers to H.M. Signet (Great Britain),$eformer owner.$5MnU
=926  \\$aMARS
=967  \\$ascs20170325
=968  \\$aRDA ENRICHED
=997  \\$a316875665
=998  \\$aLDR:01893nam#a2200385#a#4500
=998  \\$b008:120228s1779####sp#abf########001#0#spa#d

