=LDR  03532nam a2200577 a 4500
=001  9943096070001701
=005  20170402071920.0
=008  120228m17791791sz\abf\\\b\\\\001\0\fre\d
=035  \\$a(Aleph)006271634UMN01
=035  \\$aMB4627
=035  \\$a(OCoLC)6885175
=040  \\$aMnU$cMnU
=041  1\$afre$hger
=043  \\$ae-ur---$aa-ir---
=050  \4$aG292$b.A4 1779
=099  \9$a1779 Hi
=130  0\$aAllgemeine geschichte der neuesten entdeckungen.$lFrench.
=245  10$aHistoire des decouvertes faites par divers savans voyageurs :$bdans plusieurs contrées de la Russie & de la Perse, relativement à l'histoire civile & naturelle, à l'èconomie rurale, au commerce, &c.
=260  \\$aA Berne :$bChez la Société typographique ;$aA La Haye :$bChez Pierre-Frederic Gosse, Libraire de la Cour,$cMDCCLXXIX-MDCCXCI [1779-1791]
=300  \\$a6 volumes, 52 unnumbered leaves of plates :$billustrations (some folded), folded maps ;$c20 cm (8vo)
=336  \\$atext$btxt$2rdacontent
=337  \\$aunmediated$bn$2rdamedia
=338  \\$avolume$bnc$2rdacarrier
=340  \\$m8vo$0http://rdaregistry.info/termList/bookFormat/1003
=500  \\$aT. 1-4 have half title pages.
=500  \\$aT. 5-6 have title: Voyages en Sibérie, extraits des journaux de divers savans voyageurs, t. 1-2.
=500  \\$aT. 1-2 published by Société Typographique (1779), t. 3-4 published by Nouvelle Société Typographique (1781), and t. 5-6 published by Société Typographique (1791).
=500  \\$aAbridged translation, by J. R. Frey des Landres, of "Allgemeine geschichte der neuesten entdeckungen," edition by J. S. Wyttenbach.
=500  \\$aTaken mostly from the works of S.G. Gmelin, P.S. Pallas, and I.I. Lepekhin, according to Barbier.
=500  \\$aT. 1: [4], 502 pages, [8] leaves of plates (1 fold.); t. 2: [4], 469 pages, [8] leaves of plates ; t. 3: [4], 515, [5] pages, [6] leaves of plates (2 fold.); t. 4: [4], 492, [6] pages, [10] leaves of plates (1 fold.); t. 5: [6], 591 pages, [13] leaves of plates (2 fold.); t. 6: 534 pages, [7] leaves of plates (2 fold.).
=500  \\$aTitle page vignettes, head- and tail-pieces.
=504  \\$aIncludes bibliographical references and index.
=505  0\$at. 1. Introduction; Voyage de Petersbourg à Asoff, en passant par Moscou; Voyage de Moscou á Zarizyn et aux environs -- t. 2. Voyage de Zarizyn à Astrakan -- t. 3-4. Suite du voyage en Perse / par M. Gmelin -- t. 5. Voyage d'Omsk à Krasnojarsk située sur le fleuve de Jenisei -- t. 6. Voyage vers le Baikal, et description de ce lac.
=510  4\$aBarbier, A.A. Ouvrages anonymes,$cv. 2, col. 744.
=651  \0$aRussia$xDescription and travel$vEarly works to 1800.
=651  \0$aIran$xDescription and travel$vEarly works to 1800.
=700  1\$aFrey des Landres, J. R.$q(Jean Rodolphe),$etranslator.
=700  1\$aWyttenbach, Jacob Samuel,$d1748-1830.
=700  1\$aPallas, Peter Simon,$d1741-1811
=700  1\$aLepekhin, I. I.$q(Ivan Ivanovich),$d1740-1802.
=700  1\$aGmelin, Samuel Gottlieb,$d1744-1774.
=700  1\$aNarischkine, C.,$eformer owner.$5MnU
=710  2\$aTypographische Societät (Bern, Switzerland),$epublisher.
=710  2\$aChez Pierre-Frederic Gosse,$epublisher.
=740  02$aVoyages en Sibérie, extraits des journaux de divers savans voyageurs.
=926  \\$aMARS
=967  \\$ascs20170325
=968  \\$aRDA ENRICHED
=997  \\$a6885175
=998  \\$aLDR:03555nam#a2200553#a#4500
=998  \\$b008:120228m17791791sz#abf###b####001#0#fre#d

