=LDR  01910nam a2200445 a 4500
=001  9943097570001701
=005  20170402071713.0
=008  120228s1779\\\\fr\bf\\\\b\\\\000\0\fre\d
=035  \\$a(Aleph)006271652UMN01
=035  \\$aMB6536
=035  \\$a(OCoLC)779263663
=040  \\$aMnU$cMnU
=043  \\$ar------$an------$ae-urs--
=050  \4$aG606$b.E55 1779
=099  \9$a1779 En
=100  1\$aEngel, Samuel,$d1702-1784.
=245  10$aExtraits raisonnés des voyages faites dans les parties septentrionales de l'Asie et de l'Amerique :$bou, Nouvelles preuves de la possibilité d'un passage aux Indes par le Nord /$cdemontrées par Mr. Engel.
=246  16$aMemoires geographiques
=246  18$aVoyages en Asia
=246  1\$iHalf title:$aExtraits des voyages au Nord.
=260  \\$aA Lausanne :$bChez Jules Henri Pott et comp.,$cMDCCLXXIX [1779]
=300  \\$a10 unnumbered pages, ix-xxiv, 268 pages, 2 unnumbered folded leaves of plates :$bmaps ;$c25 cm (4to)
=336  \\$atext$btxt$2rdacontent
=337  \\$aunmediated$bn$2rdamedia
=338  \\$avolume$bnc$2rdacarrier
=340  \\$m4to$0http://rdaregistry.info/termList/bookFormat/1002
=500  \\$aPreviously published under title: Memoires et observations geographiques et critiques sur la situation des pays septentrionaux de l'Asie et de l'Amerique. Lausanne : Chez Antoine Chapuis, imprimeur, 1765.
=500  \\$aErrata: p. xx; Nouvelle corrections et additions: p. xxi-xxiv.
=504  \\$aIncludes bibliographical references.
=510  4\$aSabin$c22569
=651  \0$aArctic regions$xDiscovery and exploration.
=651  \0$aNortheast Passage.
=651  \0$aNorthwest Passage.
=700  1\$aPott, Julius Heinrich,$epublisher.
=926  \\$aMARS
=967  \\$ascs20170325
=968  \\$aRDA ENRICHED
=997  \\$a779263663
=998  \\$aLDR:01830nam#a2200421#a#4500
=998  \\$b008:120228s1779####fr#bf####b####000#0#fre#d

