=LDR  02109nam a22004811i 4500
=001  9926820580001701
=005  20180102152358.0
=008  771220s1791\\\\enkbf\\\\b\\\\001\0\eng\u
=010  \\$a###41042235#$z   41042235
=035  \\$a(Aleph)002876385UMN01
=035  \\$a(MnU)notisAGM8368
=035  \\$a(OCoLC)3364599
=035  \\$aMB3069
=040  \\$aMnU$beng$erda$edcrmb$cCaOTULAS$dMnU
=043  \\$aa-ii---
=050  \0$aDS436.A2$bR6 1791
=099  \9$a1791 Rob
=100  1\$aRobertson, William,$d1721-1793,$eauthor.
=245  13$aAn historical disquisition concerning the knowledge which the ancients had of India ;$band the progress of trade with that country prior to the discovery of the passage to it by the cape of Good Hope. With an appendix, containing observations on the civil policy, the laws and judicial proceedings, the arts, the sciences, and religious institutions, of the Indians /$cBy William Robertson.
=246  15$aHistorical disquisition concerning ancient India
=264  \1$aLondon :$bPrinted for A. Strahan, and T. Cadell in the Strand, and E. Balfour at Edinburgh,$cMDCCXCI [1791].
=300  \\$axii, 364 pages, 12 unnumbered pages, [3] folded leaves of plates :$bmaps ;$c28 x 23 cm (4to)
=336  \\$atext$btxt$2rdacontent
=337  \\$aunmediated$bn$2rdamedia
=338  \\$avolume$bnc$2rdacarrier
=340  \\$m4to$0http://rdaregistry.info/termList/bookFormat/1002
=500  \\$aSignatures: A-3B⁴
=500  \\$aErrata on final unnumbered page.
=504  \\$aIncludes bibliographical references and index.
=651  \0$aIndia$xCommerce$vEarly works to 1800.
=651  \0$aIndia$xHistorical geography$vEarly works to 1800.
=700  1\$aCadell, Thomas,$d1773-1836,$ebookseller.
=700  1\$aStrahan, Andrew,$d-1831,$ebookseller.
=700  1\$aBalfour, Elphingston,$ebookseller.
=913  \\$avb16
=926  \\$aMARS
=945  \\$aCAT$b1988-12-16
=967  \\$ascs20170325
=968  \\$aRDA ENRICHED
=997  \\$a3364599
=998  \\$aLDR:02049nam#a22004691i#4500
=998  \\$b008:771220s1791####enkbf####b####001#0#eng#u
=999  99$aAGM8368$bUL

