=LDR  02254cam a2200493 a 4500
=001  9926971680001701
=005  20170331010934.0
=008  790816s1777\\\\gw\abf\\\\\\\\001\0\ger\\
=010  \\$a   02019836 
=035  \\$a(Aleph)006252241UMN01
=035  \\$aMB6544
=035  \\$a(OCoLC)5281106
=040  \\$aDLC$beng$cCIN$dOCLCQ$dOCLCG$dOCLCQ$dMnU
=043  \\$an------$as------$apo-----
=050  \0$aE143$b.F33
=099  \9$a1777 Fe
=100  1\$aFenning, Daniel.
=245  10$aNeue Erdbeschreibung von ganz Amerika ... :$baus dem englischen /$cHerausgegeben von August Ludwig Schlözer.
=260  \\$aGöttingen und Leipzig :$bIn der Weygandschen Buchhandlung,$c1777.
=300  \\$a2 volumes :$billustrations, maps ;$c19 cm (8vo)
=336  \\$atext$btxt$2rdacontent
=337  \\$aunmediated$bn$2rdamedia
=338  \\$avolume$bnc$2rdacarrier
=340  \\$m8vo$0http://rdaregistry.info/termList/bookFormat/1003
=500  \\$aPaged continuously: [18], 512, [2], 513-1038, [28] pages, [7] folded leaves of plates.
=500  \\$aA translation chiefly by G.C.H. List and W.J.K. Hennemann of book IV (Americas) of the 4th edition of "A new system of geography", by Daniel Fenning, Joseph Collyer and others. cf. Vorrede.
=500  \\$aPublished also Bern, 1777.
=500  \\$aIncludes index.
=505  0\$a1. th. Eine allgemeine einleitung, und das brittische Amerika.--2. th. Das französische, holländische, dänische, portugiesische, und spanische Amerika ... Nebst einem anhange vom fünften welttheile.
=650  \0$aPhysical geography$zAmerica$vEarly works to 1800.
=650  \0$aPhysical geography$zOceania$vEarly works to 1800.
=651  \0$aNorth America$vMaps$vEarly works to 1800.
=651  \0$aSouth America$vMaps$vEarly works to 1800.
=700  1\$aCollyer, Joseph,$d-1776,$ejoint author.
=700  1\$aHennemann, Wilhelm Johann Konrad,$etranslator.
=700  1\$aList, Gottlieb Christian Heinrich,$d1752-1821,$etranslator.
=700  1\$aSchlözer, August Ludwig von,$d1735-1809,$eeditor.
=926  \\$aMARS
=967  \\$ascs20170325
=968  \\$aRDA ENRICHED
=997  \\$a5281106
=998  \\$aLDR:02198cam#a2200469#a#4500
=998  \\$b008:790816s1777####gw#abf########001#0#ger##
=999  \\$aZ39$bOCLC

