=LDR  02448cam a2200541 a 4500
=001  9944901140001701
=005  20170403015323.0
=008  850920s1781\\\\enkabcf\\b\\\\000\0\eng\d
=035  \\$a(Aleph)006394368UMN01
=035  \\$aB1663
=035  \\$a(OCoLC)12578618
=040  \\$aDRB$cDRB$dCUS$dOCLCQ$dOCLCG$dMnU
=043  \\$apo-----$an------$ar------
=050  \4$aG420$b.C69 1781
=099  \9$a1781 Ric
=100  1\$aRickman, John,$cofficer on board the Discovery.
=245  10$aJournal of Captain Cook's last voyage to the Pacific Ocean on Discovery :$bperformed in the years 1776, 1777, 1778, 1779 : illustrated with cuts and a chart, shewing the tracts of the ships employed in this expedition : faithfully narrated from the original MS.
=260  \\$aLondon :$bPrinted for E. Newbery, at the corner of St. Paul's Church Yard,$cMDCCLXXXI [1781]
=300  \\$a4 unnumbered pages, xlvi, 388, that is, 396 pages, 6 unnumbered leaves of plates (3 folded) :$billustrations, map, portraits ;$c22 cm (8vo)
=336  \\$atext$btxt$2rdacontent
=337  \\$aunmediated$bn$2rdamedia
=338  \\$avolume$bnc$2rdacarrier
=340  \\$m8vo$0http://rdaregistry.info/termList/bookFormat/1003
=500  \\$aPublisher's advertisement and errata second preliminary leaf. "Directions for placing the cuts": page 388 [i.e., page 396].
=500  \\$aHas been attributed to William Ellis, surgeon.
=504  \\$aBibliographical information from N.Y. Herald-Tribune, "Books", 12 Feb., 1939.
=600  10$aCook, James,$d1728-1779
=600  10$aClerke, Charles,$d1741-1779.
=600  10$aGore, John,$d1730?-1790.
=600  10$aKing, James,$d1750-1784.
=610  20$aDiscovery (Ship : Captain = James Cook)
=650  \0$aVoyages around the world.
=651  \0$aOceania$xDiscovery and exploration.
=651  \0$aPacific Coast (North America)
=651  \0$aNortheast Passage.
=651  \0$aIslands of the Pacific$xDiscovery and exploration.
=651  \0$aPacific Ocean$xDiscovery and exploration.
=700  1\$aEllis, W.$q(William),$d-1785,$eattributed name.
=700  1\$aNewbery, E.$q(Elizabeth),$d1746-1821$ebookseller.
=700  1\$aLongbotham, Arthur T.,$eformer owner.$5MnU
=752  \\$aEngland$dLondon.
=926  \\$aMARS
=967  \\$ascs20170325
=968  \\$aRDA ENRICHED
=997  \\$a12578618
=998  \\$aLDR:02352cam#a2200517#a#4500
=998  \\$b008:850920s1781####enkabcf##b####000#0#eng#d
=SID  \\$aZ39$bOCLC

