=LDR  01993cam a2200505 a 4500
=001  9944903920001701
=005  20170403014935.0
=008  800324s1781\\\\enk\\\\\\\\\\\000\0\fre\\
=010  \\$a   02003692 
=016  7\$a003049966$2Uk
=035  \\$a(Aleph)006394113UMN01
=035  \\$aMB6441
=035  \\$a(OCoLC)6119269
=040  \\$aDLC$edcrmb$beng$cSUC$dSUC$dOCL$dB2Q$dOCLCQ$dGZM$dOCLCQ$dOCLCG$dUPM$dKRTAS$dUKMGB$dGBVCP$dMNU
=043  \\$an-us---
=049  \\$aMNUA
=050  00$aE211$b.R25
=050  04$aE211$b.R25 1781
=084  \\$a7,26$2ssgn
=099  \9$a1781 Ra2
=100  1\$aRaynal,$cabbé$q(Guillaume-Thomas-François),$d1713-1796.
=245  10$aRévolution de l'Amérique /$cpar M. l'abbé Raynal.
=260  \\$aA Londres :$bChez Lockyer Davis, Holbourn, & se vend a la Haye, Chez P.F. Gosse, Libraire de la Cour.,$cMDCCLXXXI [1781]
=300  \\$axiv, 171 pages ;$c19 cm (8vo)
=336  \\$atext$btxt$2rdacontent
=337  \\$aunmediated$bn$2rdamedia
=338  \\$avolume$bnc$2rdacarrier
=340  \\$m8vo$0http://rdaregistry.info/termList/bookFormat/1003
=500  \\$aExtracted from his "Histoire philosophique et politique des établissments et du commerce des Européens dans les deux Indes."
=500  \\$aTitle page vignette.
=500  \\$aSignatures: A-L⁸ M⁸ (-M8)
=510  4\$aSabin$c68101
=651  \0$aUnited States$xPolitics and government$y1775-1783.
=651  \0$aUnited States$xHistory$yRevolution, 1775-1783.
=651  \6$aGrande-Bretagne$xColonies$zÉtats-Unies$xAdministration.
=653  \0$aUnited States$aHistory$aRevolution, 1775-1783
=653  \0$aUnited States$aPolitics and government$a1775-1783
=700  1\$aDavis, Lockyer,$d1719-1791,$epublisher.
=700  1\$aGosse, Pierre Frédéric,$d1751-1826,$ebookseller.
=926  \\$aMARS
=967  \\$ascs20170325
=968  \\$aRDA ENRICHED
=997  \\$a6119269
=998  \\$aLDR:01965cam#a2200481#a#4500
=998  \\$b008:800324s1781####enk###########000#0#fre##

