=LDR  02277aam a2200541 a 4500
=001  9944904110001701
=005  20170403014959.0
=008  880620s1781\\\\gw\abcf\\\\\\\000\0\ger\d
=035  \\$a(Aleph)006394329UMN01
=035  \\$aMB6632
=035  \\$a(OCoLC)220466259
=040  \\$aAU@$edcrmb$beng$cAU@$dOCLCQ$dMNU
=041  1\$ager$heng
=043  \\$ap------
=049  \\$aMNUA
=050  \4$aG420
=099  \9$a1781 Ric1
=100  1\$aRickman, John,$cofficer on board the Discovery.
=240  10$aJournal of Captain Cook's last voyage to the Pacific Ocean on Discovery.$lGerman
=245  10$aTagebuch einer Entdekkungs Reise nach der Südsee in den Jahren 1776 bis 1780 unter Anführung der Captains Cook, Clerke, Gore und King :$bmit einer neuen verbesserten Karte und Kupfer nach der originellen Handschrift getreulich beschrieben /$ceine Uebersetzung nebst Anmerkungen von Johan Reinhold Forster.
=260  \\$aBerlin :$bBey Haude und Spener,$c1781.
=300  \\$a16 unnumbered pages, 357 pages, 1 unnumbered page, 2 unnumbered leaves of plates (1 folded) :$bmap, portrait ;$c21 cm (8vo)
=336  \\$atext$btxt$2rdacontent
=337  \\$aunmediated$bn$2rdamedia
=338  \\$avolume$bnc$2rdacarrier
=340  \\$m8vo$0http://rdaregistry.info/termList/bookFormat/1003
=500  \\$aAttributed to John Rickman.
=500  \\$aFraktur.
=500  \\$aSignatures: pi⁸ A-Y⁸ Z⁴ (-Z4)
=500  \\$aGerman translation of: Journal of Captain Cook's last voyage to the Pacific Ocean.
=510  4\$aBeddie. Cook,$cno. 1609
=510  4\$aHolmes. Cook,$cno. 38
=510  4\$aSabin$c25142
=600  10$aCook, James,$d1728-1779$xTravel$zPacific Ocean.
=600  10$aClerke, Charles,$d1741-1779.
=600  10$aGore, John,$d1730?-1790.
=600  10$aKing, James,$d1750-1784.
=610  20$aDiscovery (Ship : 1774-1797)
=651  \0$aIslands of the Pacific$xDiscovery and exploration.
=651  \0$aPacific Ocean$xDiscovery and exploration.
=700  1\$aForster, Johann Reinhold,$d1729-1798,$etranslator.
=710  2\$aHaude und Spener,$epublisher.
=926  \\$aMARS
=967  \\$ascs20170325
=968  \\$aRDA ENRICHED
=997  \\$a220466259
=998  \\$aLDR:02213aam#a2200517#a#4500
=998  \\$b008:880620s1781####gw#abcf#######000#0#ger#d

