=LDR  01832cam a2200481 a 4500
=001  9944912910001701
=005  20170403015029.0
=008  800716s1781\\\\ne\\\\\\\\\\\\001\0\fre\\
=010  \\$a   42044235 
=035  \\$a(Aleph)006394096UMN01
=035  \\$aMB5766
=035  \\$a(OCoLC)6521961
=040  \\$aDLC$edcrmb$beng$cVA@$dVA@$dOCL$dGZM$dOCLCG$dMNU
=043  \\$an-us---
=045  \\$au0v7$av7v8
=049  \\$aMNUA
=050  00$aE188$b.R298
=050  04$aE188$b.R298 1781
=099  \9$a1781 Ra
=100  1\$aRaynal,$cabbé$q(Guillaume-Thomas-François),$d1713-1796.
=245  10$aTableau et révolutions des colonies angloises dans l'Amérique septentrionale /$cpar Guillaume Thomas Raynal.
=260  \\$aAmsterdam :$bChez la Compagnie des libraires,$c1781.
=300  \\$a2 volumes in 1 ;$c17 cm (12mo)
=336  \\$atext$btxt$2rdacontent
=337  \\$aunmediated$bn$2rdamedia
=338  \\$avolume$bnc$2rdacarrier
=340  \\$m12mo$0http://rdaregistry.info/termList/bookFormat/1004
=500  \\$aTitle-page vignette and head-pieces.
=500  \\$aPaging: volume 1: [4], 273, [1] pages; volume 2: [4], 270, [4] pages.
=500  \\$aPage 172 in volume 1 misnumbered 127.
=500  \\$aSignatures: pi² A-L¹² M⁶ (-M6); pi² A-L¹² M⁶ (-M6)
=500  \\$aSignature F4 in volume 1 missigned F3, creating a dupicate signature.
=500  \\$aIncludes index at end of volume 2.
=510  4\$aSabin$c68112
=651  \0$aUnited States$xHistory$yColonial period, ca. 1600-1775.
=651  \0$aUnited States$xHistory$yRevolution, 1775-1783.
=710  2\$aCompagnie des libraires (Amsterdam),$epublisher.
=926  \\$aMARS
=967  \\$ascs20170325
=968  \\$aRDA ENRICHED
=997  \\$a6521961
=998  \\$aLDR:01767cam#a2200457#a#4500
=998  \\$b008:800716s1781####ne############001#0#fre##

