=LDR  01593cam a2200445 a 4500
=001  9945090760001701
=005  20170403020319.0
=008  851122s1771\\\\it\bf\\\\d\\\\000\0\ita\\
=010  \\$a   01022213 
=035  \\$a(Aleph)006021988UMN01
=035  \\$aMB4530
=035  \\$a(OCoLC)13472167
=040  \\$aDLC$cRBN$dIUL$dOCL$dOCP$dIUL$dOCL$dDIBAM$dOCLCG$dMnU
=043  \\$as------
=050  00$aF2204$b.C69
=099  \9$a1771 fCo
=100  1\$aColeti, Giovanni Domenico,$d1727-1798.
=245  10$aDizionario storico-geografico dell'America meridionale /$cdi Giandomenico Coleti della Compagnia di Gesù.
=260  \\$aIn Venezia :$bNella Stamperia Coleti,$cMDCCLXXI [1771]
=300  \\$a2 volumes :$bmap ;$c29 cm (4to)
=336  \\$atext$btxt$2rdacontent
=337  \\$aunmediated$bn$2rdamedia
=338  \\$avolume$bnc$2rdacarrier
=340  \\$m4to$0http://rdaregistry.info/termList/bookFormat/1002
=500  \\$aDate appears before imprint on title page.
=500  \\$aTitle vignettes, head and tail pieces.
=500  \\$aVolume 1: vii, [1], 196 pages, [1] folded leaf of plates; volume 2: 192 pages.
=505  0\$av.1. A-L -- v.2. M-Z.
=510  4\$aBacker-Sommervogel,$cII, 1285, no. 3
=510  4\$aPalau y Dulcet (2nd ed.),$c56789
=510  4\$aSabin,$c14339.
=651  \0$aSouth America$vDictionaries.
=651  \0$aSouth America$vGazetteers.
=926  \\$aMARS
=967  \\$ascs20170325
=968  \\$aRDA ENRICHED
=997  \\$a13472167
=998  \\$aLDR:01501cam#a2200421#a#4500
=998  \\$b008:851122s1771####it#bf####d####000#0#ita##
=SID  \\$aZ39$bOCLC

