=LDR  02055cam a2200517 a 4500
=001  9945431900001701
=005  20170403021706.0
=008  960910s1785\\\\fr\\\\\\\b\\\\000\0\fre\d
=035  \\$a(Aleph)006715542UMN01
=035  \\$aMB2913
=035  \\$a(OCoLC)82353662
=040  \\$aRPJCB$edcrb$cRBN$dOCLCG$dMnU
=043  \\$ae-fr---$anw-----$an-us---
=050  \4$aHF3565
=099  \9$a1785 Pr
=100  1\$aDu Buc, Jean Baptiste,$d1717-1795.
=245  10$aPrécis pour les grands propriétaires des colonies françaises de l'Amérique :$bcontre les divers écrits des négocians des villes maritimes du royaume.
=246  18$aPour les propriétaires des colonies françaises de l'Amérique, contre les divers écrits
=260  \\$a[Paris?] :$b[publisher not identified],$c[1785]
=300  \\$a8 pages ;$c21 cm (4to)
=336  \\$atext$btxt$2rdacontent
=337  \\$aunmediated$bn$2rdamedia
=338  \\$avolume$bnc$2rdacarrier
=340  \\$m4to$0http://rdaregistry.info/termList/bookFormat/1002
=500  \\$aCaption title.
=500  \\$aAuthorship from Echeverria & Wilkie, also Sabin.
=500  \\$aProbable place of publication and date from Echeverria & Wilkie.
=500  \\$aSignatures: A⁴.
=504  \\$aIncludes bibliographical references.
=510  4\$aEcheverria & Wilkie. French image,$c785/26
=510  4\$aSabin$c65031
=610  14$aFrance.$tArrêt (1784 Aug. 30)
=650  \0$aSlave trade$zWest Indies, French$vEarly works to 1800.
=651  \0$aFrance$xCommercial policy$vEarly works to 1800.
=651  \0$aFrance$xColonies$xCommerce$vEarly works to 1800.
=651  \0$aWest Indies, French$xCommerce$zUnited States$vEarly works to 1800.
=651  \0$aUnited States$xCommerce$zWest Indies, French$vEarly works to 1800.
=653  \\$aImprint 1785
=752  \\$aFrance$dParis.
=926  \\$aMARS
=967  \\$ascs20170325
=968  \\$aRDA ENRICHED
=997  \\$a82353662
=998  \\$aLDR:02033cam#a2200493#a#4500
=998  \\$b008:960910s1785####fr#######b####000#0#fre#d
=SID  \\$aZ39$bOCLC

