=LDR  02296cam a2200505 i 4500
=001  9945433730001701
=005  20170403021659.0
=008  800818s1785\\\\ne\bf\\\\\\\\\001\0\eng\d
=035  \\$a(Aleph)006715454UMN01
=035  \\$aMB5284
=035  \\$a(OCoLC)6630994
=040  \\$aVA@$beng$erda$edcrmb$cVA@$dOCLCG$dOCLCQ$dMnU
=043  \\$an-us---$ae-uk---$an------
=050  \4$aE164$b.M27 1785b
=082  04$a973.2
=099  \9$a1785 Ma
=100  1\$aMandrillon, Joseph,$d1743-1794.
=245  13$aLe spectateur Américain, ou, remarques générales sur l'Amérique septentrionale et sur la république des treize-États-Unis :$bsuivi de recherches philosophiques sur la découverte du Nouveau-monde /$cpar M. Jh. Mandrillon.
=246  18$aSpectateur américain
=246  30$aRemarques générales sur l'Amérique septentrionale et sur la république des treize-États-Unis
=250  \\$aSeconde édition,$brevue corrigée & augmentée de plusieurs articles & d'une table alphabétique des matieres.
=260  \\$aÀ Amsterdam et se trouve à Bruxelles :$bChez de la Haye & Compagnie, vis-à-vis la rue des Lombards,$cMDCCLXXXV [1785]
=300  \\$a5 unnumbered pages, vj-xx, 519 pages, 1 unnumbered page, 3 unnumbered folded leaves of plates :$b1 map (engraving) ;$c21 cm (8vo)
=336  \\$atext$btxt$2rdacontent
=337  \\$aunmediated$bn$2rdamedia
=338  \\$avolume$bnc$2rdacarrier
=340  \\$m8vo$0http://rdaregistry.info/termList/bookFormat/1003
=500  \\$aTwo of the plates are tables.
=500  \\$aSignatures: a⁸ b² A-2I⁸ 2K⁴.
=500  \\$aThe "Recherches philosophiques sur la découverte de l'Amérique:" pages [423]-490.
=500  \\$aIncludes index.
=510  4\$aSabin$c44240
=510  4\$aMonaghan$c1024
=651  \0$aUnited States$vEarly works to 1800.
=651  \0$aUnited States$xCommerce$vEarly works to 1800.
=651  \0$aGreat Britain$xColonies$zAmerica$vEarly works to 1800.
=651  \0$aAmerica$xDiscovery and exploration$vEarly works to 1800.
=752  \\$aNetherlands$dAmsterdam
=926  \\$aMARS
=967  \\$ascs20170325
=968  \\$aRDA ENRICHED
=997  \\$a6630994
=998  \\$aLDR:02345cam#a2200481#i#4500
=998  \\$b008:800818s1785####ne#bf#########001#0#eng#d
=SID  \\$aZ39$bOCLC

