=LDR  01818cam a22004212  4500
=001  9945439320001701
=005  20170403021732.0
=008  920122s1785\\\\dk\\\\\\\\\\\\000\0\dan\d
=035  \\$a(Aleph)006715455UMN01
=035  \\$aMB1935
=035  \\$a(OCoLC)54152364
=040  \\$aYUS$beng$edcrmb$cYUS$dOCLCG$dOCLCO$dMnU
=043  \\$ar------
=050  \4$aSH382$b.P66 1785
=099  \9$a1785 Po
=100  1\$aPontoppidan, Carl,$d1748-1822.
=245  10$aHval- og Robbefangsten udi Strat-Davis, ved Spitsbergen, og under Eilandet Jan Mayn, samt dens vigtige Fordele, i Anledning af den Kongel. allern. Placat af 13 Octbr. 1784 : tilligemed nogle oplysende esterretninger om fangsten, behandlingsmaaden, m.m. /$cved Carl Pontoppidan.
=260  \\$aKiøbenhavn :$bTrykt paa Gyldendals Forlag, hos Frid. Wilh. Thiele,$c1785.
=300  \\$a6 unnumbered pages, 124 pages, 1 unnumbered folded leaf of plates :$billustrations ;$c21 cm (8vo)
=336  \\$atext$btxt$2rdacontent
=337  \\$aunmediated$bn$2rdamedia
=338  \\$avolume$bnc$2rdacarrier
=340  \\$m8vo$0http://rdaregistry.info/termList/bookFormat/1003
=500  \\$aSignatures: [pi]² (-pi2) *² A-G⁸ H⁶
=500  \\$aThe date in the imprint immediately follows "Kiøbenhavn."
=500  \\$aTitle page vignette; head- and tail-pieces.
=500  \\$aFraktur.
=650  \0$aWhaling$zArctic regions$vEarly works to 1800.
=650  \0$aSealing$zArctic regions$vEarly works to 1800.
=651  \0$aDenmark$xCommerce$vEarly works to 1800.
=710  2\$aLandsbókasafn Íslands-Háskólabókasafn,$eformer owner.$5MnU
=926  \\$aMARS
=967  \\$ascs20170325
=968  \\$aRDA ENRICHED
=997  \\$a54152364
=998  \\$aLDR:01760cam#a22003972##4500
=998  \\$b008:920122s1785####dk############000#0#dan#d
=SID  \\$aZ39$bOCLC

