=LDR  02599aam a2200421 a 4500
=001  9926301250001701
=005  20170330064548.0
=008  930108s1775\\\\nyu\\\\\\\\\\\000\0\eng\\
=010  \\$a   08034278 
=035  \\$a(Aleph)006077760UMN01
=035  \\$aMB6426
=035  \\$a(OCoLC)27414584
=040  \\$aDLC$cJHE$dOCLCQ$dOCLCG$dMnU
=043  \\$an-us---$an-us-ma
=050  \0$aE211$b.L58
=099  \9$a1775 Leo
=100  1\$aLeonard, Daniel,$d1740-1829.
=245  14$aThe origin of the American contest with Great-Britain, or, The present political state of the Massachusetts-Bay, in general, and the town of Boston in particular :$bExhibiting the rise and progress of the disordered at state of that country, in a series of weekly essays, published at Boston, under the signature of Massachusettensis, a native of New-England.
=260  \\$aNew York :$bPrinted by James Rivington,$c1775.
=300  \\$a86 pages ;$c21 cm (8vo)
=336  \\$atext$btxt$2rdacontent
=337  \\$aunmediated$bn$2rdamedia
=338  \\$avolume$bnc$2rdacarrier
=340  \\$m8vo$0http://rdaregistry.info/termList/bookFormat/1003
=500  \\$aAdded title page: The present political state of the province of Massachusetts Bay in general and the town of Boston in praticular, exhibiting the rise and progress of the disordered state of that country, in a series of letters, published weekly, at Boston, and now first collected / By a native of New-England. New-York, Printed for James Rivington, MDCCLXXV [1775].
=500  \\$aThe letters of Massachusettensis, 17 in number and bearing dates Dec. 12, 1774- Apr. 3. 1775, first appeared in the"Massachusetts gazette and postboy." The first eight were reprinted in New York under title "The present political state of the province of Massachusetts Bay," the present work being merely a reissue with added title-page. At the bottom of page 86 occurs the note "In the press, and speedily will be pub. a continuation of this work." So far as known this never appeared.
=500  \\$aThe first complete edition of the letters bore title "Massachusettensis" without imprint [Boston, 1775].
=651  \0$aUnited States$xPolitics and government$y1775-1783.
=651  \0$aMassachusetts$xPolitics and government$y1775-1783.
=700  1\$aRivington, James,$d1724-1802,$eprinter.
=740  0\$aPresent political State of the Massachusetts-Bay.
=926  \\$aMARS
=967  \\$ascs20170325
=968  \\$aRDA ENRICHED
=997  \\$a27414584
=998  \\$aLDR:02501aam#a2200397#a#4500
=998  \\$b008:930108s1775####nyu###########000#0#eng##
=999  \\$aZ39$bOCLC

