=LDR  02372cam a2200481 a 4500
=001  9926316290001701
=005  20170330064723.0
=008  790317s1775\\\\enkabf\\\\\\\\000\0\eng\\
=010  \\$a   01022408 
=035  \\$a(Aleph)006077281UMN01
=035  \\$aMB1175
=035  \\$a(OCoLC)4751928
=040  \\$aDLC$beng$cCLE$dSER$dOCL$dOCLCQ$dOCLCG$dOCLCQ$dMnU
=043  \\$apo-----$at------
=050  04$aG420.R37$bM3 1775
=082  04$a438$bC772j
=099  \9$a1775 Ma
=100  1\$aCook, James,$d1728-1779
=245  10$aJournal of the Resolution's voyage, in 1772, 1773, 1774, and 1775 on discovery to the Southern Hemisphere :$bby which the non-existence of an undiscovered continent, between the equator and the 50th degree of southern latitude, is demonstratively proved : also a journal of the Adventure's voyage, in the years 1772, 1773, and 1774 : with an account of the separation of the two ships, and the most remarkable incidents that befel each, interspersed with historical and geographical descriptions of the islands and countries discovered in the courts of their respective voyages : illustrated with a chart in which the tracks of both vessels are accurately laid down, and other cuts.
=246  17$aCapt. Cooke's second voyage to the Southern Hemisphere.
=260  \\$aLondon :$bPrinted for F. Newbery, at the corner of St. Paul's Church-Yard,$c1775.
=300  \\$axiii, 1 unnumbered page, 328 pages, 4 unnumbered leaves of plates (1 folded) :$billustrations, map ;$c22 cm (8vo)
=336  \\$atext$btxt$2rdacontent
=337  \\$aunmediated$bn$2rdamedia
=338  \\$avolume$bnc$2rdacarrier
=340  \\$m8vo$0http://rdaregistry.info/termList/bookFormat/1003
=500  \\$aEdited by D. Henry.
=500  \\$aThe "Resolution" commanded by Capt. Cook; the "Adventure," by Capt. Furneaux.
=610  20$aResolution (Ship)
=610  20$aAdventure (Ship)
=650  \0$aVoyages around the world.
=651  \0$aOceania$xDiscovery and exploration.
=651  \0$aAntarctica.
=700  1\$aHenry, David,$d1710-1792,$eeditor.
=700  1\$aFurneaux, Tobias,$d1735-1781.
=700  1\$aNewbery, Francis,$d-1780$ebookseller.
=926  \\$aMARS
=967  \\$ascs20170325
=968  \\$aRDA ENRICHED
=997  \\$a4751928
=998  \\$aLDR:02276cam#a2200457#a#4500
=998  \\$b008:790317s1775####enkabf########000#0#eng##
=999  \\$aZ39$bOCLC

