=LDR  01458cam a2200397 a 4500
=001  9926330320001701
=005  20170330064653.0
=008  911114s1775\\\\enk\\\\\\\\\\\000\0\eng\\
=010  \\$a   08017381 
=035  \\$a(Aleph)006077761UMN01
=035  \\$aMB2686
=035  \\$a(OCoLC)24781551
=040  \\$aDLC$cRBN$dOCLCQ$dMnU
=043  \\$alsfk---
=050  00$aF3031$b.P41
=099  \9$a1775 Pe
=100  1\$aPenrose, Bernard.
=245  13$aAn account of the last expedition to Port Egmont in Falkland's Islands, in the year 1772 :$btogether with the transactions of the company of the Penguin Shallop during their stay there /$cby Bernard Penrose, surgeon's mate.
=260  \\$aLondon :$bPrinted for J. Johnson, (No. 72) St. Paul's Church-yard,$cMDCCLXXV [1775]
=300  \\$a2 unnumbered pages, 81 pages, 1 unnumbered page ;$c21 cm (8vo)
=336  \\$atext$btxt$2rdacontent
=337  \\$aunmediated$bn$2rdamedia
=338  \\$avolume$bnc$2rdacarrier
=340  \\$m8vo$0http://rdaregistry.info/termList/bookFormat/1003
=500  \\$aErrata: verso of title page.
=500  \\$aAdvertisement: page [82].
=610  20$aPenguin (Shallop)
=651  \0$aFalkland Islands.
=700  1\$aJohnson, J.,$dactive 1775,$ebookseller.
=926  \\$aMARS
=967  \\$ascs20170325
=968  \\$aRDA ENRICHED
=997  \\$a24781551
=998  \\$aLDR:01360cam#a2200373#a#4500
=998  \\$b008:911114s1775####enk###########000#0#eng##
=999  \\$aZ39$bOCLC

