=LDR  01947aam a2200481 a 4500
=001  9926339460001701
=005  20170330064712.0
=008  860327s1775\\\\fr\abf\\\\\\\\000\0\fre\\
=010  \\$aca 94000009
=035  \\$a(Aleph)006077255UMN01
=035  \\$aMB5107
=035  \\$a(OCoLC)16105844
=040  \\$aDLC$cPAU$dB2Q$dOCLCG$dMnU
=041  1\$afre$heng
=043  \\$ar------
=050  00$aG700 1773$b.M92
=099  \9$a1775 Mu
=100  1\$aMulgrave, Constantine John Phipps,$cBaron,$d1744-1792.
=240  10$aVoyage towards the North Pole.$lFrench
=245  10$aVoyage au pole Boréal :$bfait en 1773, par ordre du roi d'Angleterre /$cpar Constantin-Jean Phipps ; traduit de l'anglois.
=260  \\$aA Paris :$bchez Saillant & Nyon, rue Saint Jean de Beauvais. [Chez] Pissot, quai des Augustins, près la rue Gît-le-Cœur :$bDe l'imprimerie de Prault, imprimeur du roy, quai de Gêvres, au Paradis,$cMDCCLXXV [1775]
=300  \\$axii, 259 pages, 3 unnumbered pages, 12 folded leaves of plates :$billustrations, map, plan ;$c27 cm (4to)
=336  \\$atext$btxt$2rdacontent
=337  \\$aunmediated$bn$2rdamedia
=338  \\$avolume$bnc$2rdacarrier
=340  \\$m4to$0http://rdaregistry.info/termList/bookFormat/1002
=500  \\$aTranslation by J. N. Demeunier of the author's A voyage towards the North Pole, London, 1774.
=500  \\$aTitle vignette.
=510  4\$aSabin$c62574
=651  \0$aNortheast Passage.
=651  \0$aArctic regions.
=651  \0$aNorth Pole.
=700  1\$aDémeunier,$cM.$q(Jean Nicolas),$d1741-1814,$etranslator.
=700  1\$aPissot,$ebookseller.
=700  1\$aPrault, Laurent François,$d1712-1780,$eprinter.
=710  2\$aChez Saillant & Nyon,$ebookseller.
=926  \\$aMARS
=967  \\$ascs20170325
=968  \\$aRDA ENRICHED
=997  \\$a16105844
=998  \\$aLDR:01891aam#a2200457#a#4500
=998  \\$b008:860327s1775####fr#abf########000#0#fre##
=999  \\$aZ39$bOCLC

