=LDR  02017cam a2200445 a 4500
=001  9924882280001701
=005  20170330053939.0
=008  800423s1771\\\\fr\abcf\\\\\\\000\0\fre\\
=010  \\$a   55054519 
=035  \\$a(Aleph)006025335UMN01
=035  \\$aMB5369
=035  \\$a(OCoLC)6234320
=040  \\$aDLC$edcrmb$cCOO$dOCLCQ$dOCLCG$dMnU
=043  \\$aln-----$aen-----
=050  00$aDL8$b.K4
=099  \9$a1771 Ke
=100  1\$aKerguelen-Trémarec, Yves-Joseph de,$d1734-1797
=245  10$aRelation d'un voyage dans la mer du Nord, aux côtes d'Islande, du Groenland, de Ferro, de Schettland, des Orcades & de Norwége :$bfait en 1767 & 1768 /$cpar M. De Kerguelen Trémarec, Lieutenant des Vaisseaux du Roi, de l'Académir Royale Marine, Commandant les Frégates la Folle & Hirondelle ; ouvrage enrichi de planches.
=260  \\$aA Paris :$bDe l'Imprimerie de Prault,$cMDCCLXXI [1771]
=300  \\$aviii, 220 pages, 4 unnumbered pages, 18 unnumbered leaves of plates (8 folded) :$billustrations, maps, portraits ;$c27 cm (4to)
=336  \\$atext$btxt$2rdacontent
=337  \\$aunmediated$bn$2rdamedia
=338  \\$avolume$bnc$2rdacarrier
=340  \\$m4to$0http://rdaregistry.info/termList/bookFormat/1002
=500  \\$aIllustrations and maps by Croisey, LeGoudz, S. Bellin and Kerguélen Tremarec; portraitsof northern people (plates A-D) by Ch. Eisen and le Mire.
=651  \0$aNorth Sea.
=651  \0$aEurope, Northern$xDescription and travel.
=700  1\$aPrault, Louis-François,$d1734-1806,$epublisher.
=700  1\$aEisen, Charles,$d1720-1778,$eillustrator.
=700  1\$aLe Mire, Noël,$d1724-1801,$eengraver.
=700  1\$aCroisey, P.,$eengraver.
=700  1\$aGoudz, Y.,$dactive 1771,$eengraver.
=700  1\$aBellin, S.,$dactive 1771,$ecartographer.
=926  \\$aMARS
=967  \\$ascs20170325
=968  \\$aRDA ENRICHED
=997  \\$a6234320
=998  \\$aLDR:01974cam#a2200421#a#4500
=998  \\$b008:800423s1771####fr#abcf#######000#0#fre##
=999  \\$aZ39$bOCLC

