=LDR  02465cam a2200469 a 4500
=001  9924898410001701
=005  20170330053857.0
=008  000914s1771\\\\enk\\\\\\d\\\\000\0\eng\d
=010  \\$a   45026898 
=035  \\$a(Aleph)006024799UMN01
=035  \\$aMB230
=035  \\$a(OCoLC)166620739
=040  \\$aE8W$edcrmb$cE8W$dOCLCG$dMnU
=050  \4$aG420.C65
=099  \9$a1771 Jo
=245  02$aA journal of a voyage round the world, in His Majesty's ship Endeavour, in the years 1768, 1769, 1770, and 1771 :$bundertaken in pursuit of natural knowledge, at the desire of the Royal Society : containing all the various occurrences of the voyage, with descriptions of several new discovered countries in the southern hemisphere, and accounts of their soil and productions, and of many singularities in the structure, apparel, customs, manners, policy, manufactures, &c. of their inhabitants. To which is added, a concise vocabulary of the language of Otahitee.
=246  1\$iBinder's title:$aVoyage of the Endeavour, 1768-71.$5MnU
=260  \\$aLondon :$bPrinted for T. Becket and P.A. De Hondt, in the Strand,$cMDCCLXXI [1771]
=300  \\$a1 unnumbered leaf, 130 pages, 4 unnumbered pages ;$c26 cm (4to)
=336  \\$atext$btxt$2rdacontent
=337  \\$aunmediated$bn$2rdamedia
=338  \\$asheet$bnb$2rdacarrier
=340  \\$m4to$0http://rdaregistry.info/termList/bookFormat/1002
=500  \\$aFinal page is blank.
=500  \\$aThe first printed account of Captain Cook's voyage. cf. Sabin 16242.
=500  \\$aAttributed by some authorities to Capt. Cook; said by others to have been compiled by Sir Joseph Banks or John Hawkesworth from the Journal of Sydney Parkinson, but does not correspond with the published journal of Cook, Banks or Parkinson.
=510  4\$aSabin$c4:16242.
=510  4\$aHolmes. M. An introd. to the biblio. of Cap. James Cook. 1936.$cno. 1.
=610  20$aEndeavour (Ship)
=650  \0$aVoyages around the world.
=650  \0$aTahitian language$vGlossaries, vocabularies, etc.
=651  \0$aOceania$xDiscovery and exploration.
=700  1\$aCook, James,$d1728-1779
=700  1\$aUtter, Robert Palfrey,$d1875-1936,$eformer owner.$5MnU
=710  2\$aT. Becket and P.A. de Hondt,$ebookseller.
=926  \\$aMARS
=967  \\$ascs20170325
=968  \\$aRDA ENRICHED
=997  \\$a166620739
=998  \\$aLDR:02371cam#a2200445#a#4500
=998  \\$b008:000914s1771####enk######d####000#0#eng#d
=999  \\$aZ39$bOCLC

