=LDR  02069cam a2200469 a 4500
=001  9924922850001701
=005  20170330054232.0
=008  870514s1540\\\\fr\\\\\\\\\\\\001\0\lat\d
=010  \\$a   05005681 
=035  \\$a(Aleph)006592874UMN01
=035  \\$aMB20012
=035  \\$a(OCoLC)79135962
=040  \\$aUPB$beng$ebdrb$cUBY$dOCLCG$dMnU
=050  04$aDA439$b.R52
=099  \9$a1540 Ri
=100  1\$aRicher, Christophe,$d1523-1552.
=245  10$aDe rebus Turcaru[m] ad Franciscvm Gallorum Regem Christianiss. libri quinque /$cChristophoro Richerio Thorigneo Senone, Cubiculario Regio, & Cancellario Franciae à secretis, authore ; De origine Turcaru[m], & Ottomanii imperio. De moribus & institutis illius gentis. De Tammerlanis Parthi rebus gestis. De expugnata à Maomethe Consta[n]tinopoli. De Castellinoui Dalmatiae oppidi recenti direptione.
=260  \\$aParisiis :$bEx officina Rob. Stephani, Hebraicarum & Latinarum literarum Regii typographi,$cM. D. XL. [1540]
=300  \\$a115 pages, 12 unnumbered pages ;$c19 cm (4to)
=336  \\$atext$btxt$2rdacontent
=337  \\$aunmediated$bn$2rdamedia
=338  \\$avolume$bnc$2rdacarrier
=340  \\$m4to$0http://rdaregistry.info/termList/bookFormat/1002
=500  \\$aSignatures: a⁴ b-h⁸ i⁴.
=500  \\$aPrinter's device on title page.
=500  \\$aColophon: Excvdebat Rob. Stephanvs, Hebraicarvm et Latinarvm literarvm typographvs regivs Parisiis, ann. M. D. XL. III. non. Martii.
=500  \\$aLarge crible initials.
=500  \\$aErrata: page [12].
=500  \\$aIncludes index.
=600  00$aTimur,$d1336-1405
=651  \0$aTurkey$xHistory.
=651  \0$aTurkey$xSocial life and customs$vEarly works to 1800.
=700  1\$aEstienne, Robert,$d1503?-1559$eprinter.
=710  2\$aHofbibliothek (Austria),$eformer owner.$5MnU
=752  \\$aFrance$dParis
=926  \\$aMARS
=967  \\$ascs20170325
=968  \\$aRDA ENRICHED
=997  \\$a79135962
=998  \\$aLDR:02000cam#a2200445#a#4500
=998  \\$b008:870514s1540####fr############001#0#lat#d
=999  \\$aZ39$bOCLC

