=LDR  01651cam a2200397 a 4500
=001  9924984370001701
=005  20170330054423.0
=008  920128s1630\\\\it\abc\\\\\\\\000\0\ita\d
=035  \\$a(Aleph)006592853UMN01
=035  \\$aMB20011
=035  \\$a(OCoLC)81864177
=040  \\$aCU-SB$beng$edcrmb$cCUT$dMnU
=050  \4$aBX4705.R63
=099  \9$a1630 Ro
=100  1\$aRocchetta, Aquilante.
=245  10$aPeregrinatione di Terra Santa ed'altre provincie /$cdi Don Aqvilante Rocchetta, vaualiere del Santissimo Sepolcro ; nella quale si descriue distintamẽte quella di Christo secondo gli Euangelisti.
=260  \\$aIn Palermo :$bPer Alfonzo dell'Isola,$c1630.
=300  \\$a[xviii], 517 [i.e., 509], 20 unnumbered pages, 2 unnumbered leaves of plates :$billustrations, maps, portrait ;$c21 cm (4to)
=336  \\$atext$btxt$2rdacontent
=337  \\$aunmediated$bn$2rdamedia
=338  \\$avolume$bnc$2rdacarrier
=340  \\$m4to$0http://rdaregistry.info/termList/bookFormat/1002
=500  \\$aPages 204-509 misnumbered 212-517.
=500  \\$aEngraved title page; title within architectural border; illustrations, portrait of the author, & maps engraved.
=500  \\$aSignatures: pi² (-pi2) [dagger]-2[dagger]⁴ A-3V⁴.
=500  \\$aLeaf G2 missigned G3.
=500  \\$aErrata: page [20] at end.
=651  \0$aPalestine$xDescription and travel$vEarly works to 1800.
=700  1\$aDell'Isola, Alfonzo,$eprinter.
=926  \\$aMARS
=967  \\$ascs20170325
=968  \\$aRDA ENRICHED
=997  \\$a81864177
=998  \\$aLDR:01570cam#a2200373#a#4500
=998  \\$b008:920128s1630####it#abc########000#0#ita#d
=999  \\$aZ39$bOCLC

