=LDR  01697cam a2200445 i 4500
=001  9925135920001701
=005  20170330055109.0
=008  900411s1784\\\\enk\\\\\\\\\\\000\0\eng\c
=010  \\$aa  18001293 
=035  \\$a(Aleph)006567482UMN01
=035  \\$aMB2117
=035  \\$a(OCoLC)21360852
=040  \\$aHarvard Univ. Library$beng$erda$edcrmb$cNDD$dOCLCQ$dOCLCG$dERN$dMNU
=043  \\$ae-uk---
=049  \\$aMNUA
=050  10$aSH255$b.G6
=082  04$a941.507
=099  \9$a1784 Go
=100  1\$aGordon, Thomas,$dactive 1786,$eauthor.
=245  10$aGeneral remarks on the British fisheries /$cby a North Briton.
=264  \1$aLondon :$bPrinted for J. Murray in Fleet Street; G. and T. Wilkie in St. Paul's Church-Yard; and F. Jones in Grosvenor Street. Sold also at New Lloyd's Coffee-house, Royal Exchange; and at the British Coffee-house, Charing-Cross,$cMDCCLXXXIV [1784]
=300  \\$a4 unnumbered pages, 60 pages ;$c21 cm (8vo)
=336  \\$atext$2rdacontent
=337  \\$aunmediated$2rdamedia
=338  \\$avolume$2rdacarrier
=340  \\$m8vo$0http://rdaregistry.info/termList/bookFormat/1003
=500  \\$aSignatures: [A]² B-H⁴ I².
=500  \\$aAttributed to Thomas Gordon in NUC pre-1956.
=500  \\$aIncludes half-title.
=500  \\$aTitle page vignette.
=510  4\$aESTC$c82786
=650  \0$aFisheries$zGreat Britain$vEarly works to 1800.
=651  \0$aGreat Britain$xCommercial policy$vEarly works to 1800.
=752  \\$aGreat Britain$bEngland$dLondon.
=926  \\$aMARS
=967  \\$ascs20170325
=968  \\$aRDA ENRICHED
=997  \\$a21360852
=998  \\$aLDR:01604cam#a2200421#i#4500
=998  \\$b008:900411s1784####enk###########000#0#eng#c

