=LDR  01716cam a2200445 a 4500
=001  9925140180001701
=005  20170330055158.0
=008  960909s1784\\\\fr\\\\\\\\\\\\000\0\fre\d
=035  \\$a(Aleph)006572395UMN01
=035  \\$aMB1417
=035  \\$a(OCoLC)80681189
=040  \\$aRPJCB$beng$edcrb$cRBN
=043  \\$anw-----$ae-fr---$an-us---
=099  \9$a1784 fHa
=110  1\$aLe Havre (France).$bMerchants.
=245  10$aMémoire des négocians du Havre, :$bsur l'arrêt du Conseil d'Etat du roi, du 30 août 1784, concernant le commerce etranger dans les isles françoises de l'Amérique.
=260  \\$a[France?] :$b[publisher not identified],$c[1784.]
=300  \\$a30 pages ;$c25 cm (4to)
=336  \\$atext$btxt$2rdacontent
=337  \\$aunmediated$bn$2rdamedia
=338  \\$avolume$bnc$2rdacarrier
=340  \\$m4to$0http://rdaregistry.info/termList/bookFormat/1002
=500  \\$aCaption title.
=500  \\$aSignatures: A-C⁴ D⁴.
=510  4\$aEcheverria & Wilkie. French image,$c784/49
=610  14$aFrance.$tArrêt (1784 Aug. 30)$vEarly works to 1800.
=651  \0$aFrance$xCommercial policy$vEarly works to 1800.
=651  \0$aLe Havre (France)$xCommerce$vEarly works to 1800.
=651  \0$aFrance$xColonies$xCommerce$vEarly works to 1800.
=651  \0$aWest Indies, French$xCommerce$zUnited States$vEarly works to 1800.
=651  \0$aUnited States$xCommerce$zWest Indies, French$vEarly works to 1800.
=653  \\$aImprint 1784
=752  \\$aFrance.
=926  \\$aMARS
=967  \\$ascs20170325
=968  \\$aRDA ENRICHED
=997  \\$a80681189
=998  \\$aLDR:01670cam#a2200421#a#4500
=998  \\$b008:960909s1784####fr############000#0#fre#d
=999  \\$aZ39$bOCLC

