=LDR  03967cam a2200781Ia 4500
=001  9925415330001701
=005  20170330060138.0
=008  780803s1767\\\\enkabf\\\b\\\\001\0\eng\\
=010  \\$a   05024120 
=016  7\$a000813344$2Uk
=035  \\$a(Aleph)000255658UMN01
=035  \\$a(Aleph)004026472UMN01
=035  \\$a(OCoLC)4106342
=040  \\$aDLC$beng$cTWU$dPIT$dOCL$dB2Q$dOCLCG$dSTF$dUPM$dOCLCQ$dKRTAS$dZNS$dUKMGB$dOCLCQ$dOCLCF$dOCLCO$dFHL$dUAB$dOCLCO$dEUW$dOCLCO
=041  1\$aeng$hdut
=043  \\$an-gl---
=050  00$aG760$b.C86
=082  04$a998$bC89h
=100  1\$aCranz, David,$d1723-1777.
=240  10$aHistorie van Grönland.$lEnglish
=245  14$aThe history of Greenland :$bcontaining a description of the country, and its inhabitants : and particularly, a relation of the mission, carried on for above these thirty years by the Unitas Fratrum, at New Herrnhuth and Lichtenfels, in that country /$cby David Crantz ; translated from the High-Dutch, and illustrated with maps and other copper-plates ; in two volumes.
=260  \\$aLondon :$bPrinted for the Brethren's Society for the Furtherance of the Gospel among the Heathen :$bAnd sold by J. Dodsley, in Pall-mall, T. Becket and P.A. de Hondt, and T. Cadell, successor to A. Millar, in the Strand, W. Sandby, in Fleet-street, S. Bladon, in Pater-noster-row, E. and C. Dilly, in the Poultry, and at all the Brethren's Chapels,$cMDCCLXVII [1767]
=300  \\$a2 volumes :$billustrations (some folded), folded maps ;$c22 cm (8vo)
=336  \\$atext$btxt$2rdacontent
=337  \\$aunmediated$bn$2rdamedia
=338  \\$avolume$bnc$2rdacarrier
=340  \\$m8vo$0http://rdaregistry.info/termList/bookFormat/1003
=500  \\$aEdited and in part translated by John Gambold.
=500  \\$aVolume 1: [4], lix, [1], 405, [1] (last p. blank), [3] leaves of plates; volume 2: [2], 497, [1] pages.
=500  \\$aType ornaments.
=500  \\$aErrata on terminal p., volume 2.
=545  \\$aPublished in Dutch at Haarlem & Amsterdam, 1767, as Historie van Groenland.
=510  4\$aESTC,$cT144569
=510  4\$aSabin,$c17417
=504  \\$aIncludes bibliographical references and index.
=651  \0$aGreenland$xDescription and travel$vEarly works to 1800.
=651  \0$aGreenland$xSocial life and customs$vEarly works to 1800.
=651  \7$aGreenland$xHistory.$2fssh
=651  \7$aGreenland$2fast$0(OCoLC)fst01205290
=650  \0$aInuit$zGreenland$vEarly works to 1800.
=650  \0$aMoravians$xMissions$zGreenland$vEarly works to 1800.
=650  \7$aInuit.$2fast$0(OCoLC)fst00977863
=650  \7$aManners and customs.$2fast$0(OCoLC)fst01007815
=650  \7$aMoravians$xMissions.$2fast$0(OCoLC)fst01026124
=650  \7$aTravel.$2fast$0(OCoLC)fst01155558
=655  \7$aMaps$zEngland$zLondon$y1767.$2gmgpc
=655  \7$aMaps$zGreenland$y1767.$2gmgpc
=655  \7$aEngravings$zEngland$zLondon$y1767.$2gmgpc
=655  \7$aIntegral errata lists (Printing)$zEngland$zLondon$y1767.$2rbpri
=655  \7$aCartouches (Type evidence)$zEngland$zLondon$y1767.$2rbtyp
=655  \7$aType ornaments (Printing)$zEngland$zLondon$y1767.$2rbpri
=655  \7$aEarly works.$2fast$0(OCoLC)fst01411636
=650  \2$aReligious Missions$xhistory
=700  1\$aGambold, John,$d1711-1771,$eeditor,$etranslator.
=700  1\$aDodsley, James,$d1724-1797,$ebookseller.
=700  1\$aCadell, T.$q(Thomas),$d1742-1802,$ebookseller.
=700  1\$aSandby, William,$d-1799,$ebookseller.
=700  1\$aBladon, Samuel,$d-1799,$ebookseller.
=700  1\$aDilly, Charles,$d1739-1807,$ebookseller.
=710  2\$aBrethren's Society for the Furtherance of the Gospel among the Heathen,$epublisher.
=710  2\$aT. Becket and P.A. de Hondt,$ebookseller.
=926  \\$aMESHDECON
=926  \\$aMARS
=967  \\$ascs20170325
=968  \\$aRDA ENRICHED
=997  \\$a4106342
=998  \\$aLDR:03877cam#a2200757Ia#4500
=998  \\$b008:780803s1767####enkabf###b####001#0#eng##

