=LDR  01920cam a2200469 i 4500
=001  9949372450001701
=005  20170403053516.0
=008  100408s1784\\\\enk\\\\\\\\\\\000\0\eng\\
=010  \\$a  2010398273
=016  7\$a003315570$2Uk
=035  \\$a(Aleph)000475769UMN01
=035  \\$aMB6448
=035  \\$a(OCoLC)5470714
=040  \\$aDLC$beng$erda$edcrmb$cDLC$dUKMGB$dERN$dOCLCO$dMNU
=043  \\$aa-ii---$ae-uk---
=049  \\$aMNUA
=050  00$aDS473.3$b.S35 1784
=082  04$a954
=099  \9$a1784 Sc
=100  1\$aScott,$cMajor$q(John),$d1747-1819.
=245  14$aThe conduct of His Majesty's late ministers considered, as it affected the East-India Company and Mr. Hastings /$cby Major John Scott.
=264  \1$aLondon :$bPrinted for J. Debrett, opposite Burlingham House, Piccadilly,$cMDCCLXXXIV [1784]
=300  \\$a4 unnumbered pages, 90 pages ;$c21 cm (8vo)
=336  \\$atext$2rdacontent
=337  \\$aunmediated$2rdamedia
=338  \\$avolume$2rdacarrier
=340  \\$m8vo$0http://rdaregistry.info/termList/bookFormat/1003
=500  \\$aSignatures: [A]² B-M⁴ N1.
=600  10$aHastings, Warren,$d1732-1818
=610  10$aBengal (India).$bGovernor-General (1774-1785 : Hastings)
=651  \0$aIndia$xHistory$yBritish occupation, 1765-1947
=700  1\$aDebrett, John,$d-1822,$ebookseller.
=773  18$gno:48$w9953698840001701
=773  18$gno:51$w9953698840001701
=773  18$gno:96$w9953698840001701
=776  08$iOnline version:$aScott, Major (John), 1747-1819.$tConduct of His Majesty's late ministers considered, as it affected the East-India Company and Mr. Hastings.$dLondon : Printed for J. Debrett, opposite Burlingham House, Piccadilly, MDCCLXXXIV [1784]$w(OCoLC)646993575
=926  \\$aMARS
=967  \\$ascs20170325
=968  \\$aRDA ENRICHED
=997  \\$a5470714
=998  \\$aLDR:01851cam#a2200457#i#4500
=998  \\$b008:100408s1784####enk###########000#0#eng##

