=LDR  01606nam a2200445 a 4500
=001  9949492090001701
=005  20170403054040.0
=008  870625s1584\\\\be\a\\\\\\\\\\000\0\lat\d
=035  \\$a(Aleph)002421132UMN01
=035  \\$a(MnU)notisANS1627
=035  \\$aBELLTRANSFER0229
=035  \\$a(OCoLC)16073515
=040  \\$aSMI$ebdrb$cSMI$dm/c
=049  \\$aMNUA
=050  \4$aQB41
=100  1\$aDodoens, Rembert,$d1517-1585.
=245  10$aDe sphæra, siue, De astronomiæ et geographiæ principiis cosmographica isagoge /$colim conscripta à Remberto Dodonæo medico ; nunc verò eiusdem recognitione locupletior facta.
=260  \\$aAntuerpiæ :$bApud Christophorum Plantinum,$c1584.
=300  \\$a109 pages, 3 unnumbered pages :$billustrations ;$c16 cm (8vo)
=336  \\$atext$btxt$2rdacontent
=337  \\$aunmediated$bn$2rdamedia
=338  \\$avolume$bnc$2rdacarrier
=340  \\$m8vo$0http://rdaregistry.info/termList/bookFormat/1003
=500  \\$aSignatures: A-G□.
=500  \\$aTitle vignette (publisher's device).
=500  \\$aErrata at foot of page 109.
=650  \0$aAstronomy.
=700  1\$aDibner, Bern,$edonor.$5DSI
=710  2\$aMedical Society of London,$eformer owner.
=740  0\$aDe sphaera.
=740  0\$aDe astronomiae et geographiae principiis cosmographica isagoge.
=752  \\$aBelgium$dAntwerp
=926  \\$aMARS
=945  \\$aCAT$b1993-12-29$nbao2
=967  \\$ascs20170325
=968  \\$aRDA ENRICHED
=997  \\$a16073515
=998  \\$aLDR:01532nam#a2200421#a#4500
=998  \\$b008:870625s1584####be#a##########000#0#lat#d
=999  99$aANS1627$bUL

