=LDR  01709ntm a2200385 a 4500
=001  9923514900001701
=005  20200316082312.0
=008  110520q17471749po\\\\\\\\\\\\000\0\por\d
=035  \\$a(Aleph)006043072UMN01
=035  \\$aMB10315
=035  \\$a(OCoLC)726826681
=040  \\$aMnU$cMnU
=043  \\$ae-po---
=050  \4$aDP638$b.C82 1747
=099  \9$a1747 Cu
=100  1\$aCunha, Luiz da,$d1662-1749.
=240  10$aTestamento político
=245  10$aMaximas discretas :$bsobre a reforma necessaria da agricultura, comercio, milicia, tribunais, fabricas & de Portugal /$crepresetadas e dirigidas ao Serenissimo Senhor D. José, Principe de Beira, Augusto Filho do Senhor Rei D. João V ; por D. Luis da Cuhna.
=260  \\$c[1747?-1749]
=300  \\$a89 pages, 7 unnumbered pages ;$c22 cm (4to).
=336  \\$atext$btxt$2rdacontent
=337  \\$aunmediated$bn$2rdamedia
=338  \\$avolume$bnc$2rdacarrier
=340  \\$m4to$0http://rdaregistry.info/termList/bookFormat/1002
=500  \\$aOriginal manuscript of Testamento político; ou, Carta escrita pelo Grande D. Luiz da Cunha ao Senhor Rei D. José I antes do seu governo o qual foi do Conselho dos Senhores D. Pedro II, e D. João V, e seu Embaixador às Cortes de Vienna, Haya e de Paris, onde morreu em 1749.
=650  \0$aManuscripts$vSpecimens.
=650  \0$aKings and rulers$xDuties.
=651  \0$aPortugal$xPolitics and government$y1706-1750.
=700  0\$aJoseph,$cKing of Portugal,$d1714-1777.
=700  0\$aJohn$bV,$cKing of Portugal,$d1689-1750.
=926  \\$aMARS
=968  \\$aRDA ENRICHED
=997  \\$a726826681
=998  \\$aLDR:01639ntm#a2200373#a#4500
=998  \\$b008:110520q17471749po############000#0#por#d

