=LDR  01799cam a2200469 i 4500
=001  9923540390001701
=005  20180104175021.0
=008  821001s1792\\\\sw\\\\\\\\\\\\000\0\swe\\
=010  \\$a   19017953 
=035  \\$a(Aleph)002393376UMN01
=035  \\$a(MnU)notisAMQ8217
=035  \\$a(OCoLC)2570449
=035  \\$aMB4735
=040  \\$aDLC$beng$erda$edcrmb$cMnU
=043  \\$an------
=050  00$aE99.M9$bL84
=099  \9$a1792 Lo
=100  1\$aLoskiel, George Henry,$d1740-1814,$eauthor.
=240  10$aGeschichte der Mission der evangelischen Brüder unter den Indianern in Nordamerika.$lSwedish
=245  10$aGeorg Hinrich Loskiels historiske beskrifning öfwer Evangeliska brödernes missions-arbete ibland Indianerna uti Norra America ; utgifven i Barbry 1789.
=246  00$aHistoriske beskrifning öfwer Evangeliska brödernes missions-arbete ibland Indianerna uti Norra America.
=264  \0$aStockholm :$bTryckt hos Joh. Christ. Holmberg,$c1792.
=300  \\$a[xxii], 872, [4] pages ;$c18 cm (8vo)
=336  \\$atext$btxt$2rdacontent
=337  \\$aunmediated$bn$2rdamedia
=338  \\$avolume$bnc$2rdacarrier
=340  \\$m8vo$0http://rdaregistry.info/termList/bookFormat/1003
=500  \\$aFraktur.
=500  \\$aTitle vignette, head- and tail-pieces.
=500  \\$aSignatures: ):(⁸ 2):(⁴ A-3K⁸ 3L⁴ chi²
=500  \\$aLast 3 pages blank.
=650  \0$aMoravian Indians$xMissions$vEarly works to 1800.
=650  \0$aIndians of North America$xMissions$vEarly works to 1800
=913  \\$avb16
=926  \\$aMARS
=945  \\$aCAT$b1992-09-18$nsrz0
=967  \\$ascs20170325
=968  \\$aRDA ENRICHED
=997  \\$a2570449
=998  \\$aLDR:01780cam#a2200457#i#4500
=998  \\$b008:821001s1792####sw############000#0#swe##
=999  99$aAMQ8217$bUL

