=LDR  02424cam a2200541Ia 4500
=001  9923541950001701
=005  20181019113756.0
=008  750808s1739\\\\enk\\\\\\b\\\\000\0\eng\\
=010  \\$a   06027229 
=035  \\$a(Aleph)000973768UMN01
=035  \\$a(OCoLC)1526099
=040  \\$aDLC$beng$cFUG$dMUU$dGZM$dYSM$dOCL$dOCLCQ$dZGM$dSTF$dAU@$dOCLCF$dOCLCQ$dOCL$dOCLCA$dPAU$dOCLCQ$dMNU
=043  \\$ae-uk---$ae-sp---
=050  \4$aHF3505.6$b.B3
=082  04$a941.07$220
=100  1\$aBath, William Pulteney,$cEarl of,$d1684-1764.
=245  12$aA review of all that hath pass'd between the courts of Great Britain and Spain :$brelating to our trade and navigation from the year 1721, to the present convention with some particular observations upon it.
=260  \\$aLondon :$bPrinted for H. Goreham,$c1739.
=300  \\$a2 leaves, 60 pages ;$c20 cm (8vo)
=336  \\$atext$btxt$2rdacontent
=337  \\$aunmediated$bn$2rdamedia
=338  \\$avolume$bnc$2rdacarrier
=340  \\$m8vo$0http://rdaregistry.info/termList/bookFormat/1003
=500  \\$aHalf-title; headpiece; initial.
=500  \\$aBy William Pulteney, Earl of Bath. Cf. ESTC.
=500  \\$aSignatures: [A]², B-H⁴, I².
=510  4\$aESTC$cT044882
=500  \\$aErratum: p. 60.
=504  \\$aIncludes bibliographical references.
=651  \0$aGreat Britain$xForeign relations$zSpain$vEarly works to 1800.
=651  \0$aSpain$xForeign relations$zGreat Britain$vEarly works to 1800.
=651  \0$aGreat Britain$xCommercial policy$vEarly works to 1800.
=650  \7$aCommercial policy$2fast$0(OCoLC)fst00869569
=650  \7$aDiplomatic relations.$2fast$0(OCoLC)fst01907412
=651  \7$aGreat Britain$2fast$0(OCoLC)fst01204623
=651  \7$aSpain$2fast$0(OCoLC)fst01204303
=655  \7$aEarly works.$2fast$0(OCoLC)fst01411636
=700  1\$aGoreham, H.,$ebookseller.
=776  08$iOnline version:$aBath, William Pulteney, Earl of, 1684-1764.$tReview of all that hath pass'd between the courts of Great Britain and Spain.$dLondon : Printed for H. Goreham, 1739$w(OCoLC)805947469
=830  \0$aEnglish historical pamphlets.$nSer. 2 ;$vv. 4, no. 7.
=830  \0$aPamphlets on British relations with Spain ;$vno. 9.
=913  \\$arf18
=926  \\$aMARS
=967  \\$ascs20170325
=968  \\$aRDA ENRICHED
=997  \\$a1526099
=998  \\$aLDR:02341cam#a2200517Ia#4500
=998  \\$b008:750808s1739####enk######b####000#0#eng##

