=LDR  01620nam a2200409 a 4500
=001  9922066060001701
=005  20170809180655.0
=008  880519s1780\\\\ne\\\\\\\\\\\\000\0\fre\\
=035  \\$a(Aleph)001640518UMN01
=035  \\$a(MnU)notisAJB2855
=035  \\$aB1640
=035  \\$aMB20112
=035  \\$a(OCoLC)952655874
=040  \\$aMnU$beng$cCaOTULAS$dMnU
=043  \\$aa-io---
=245  00$aÉtat présent des Indes Hollandaises, contenant une peinture vraie et fidelle du gouvernement, de l'administration, et de la conduite des Hollandais dans les Indes-Orientales :$ble tableau de leurs forces de terre et de mer, de leur commerce languissant, de leur navigation &c.
=260  \\$aBatavia :$b[publisher not identified],$c[1780?]
=300  \\$a96 pages ;$c20 cm (8vo)
=336  \\$atext$btxt$2rdacontent
=337  \\$aunmediated$bn$2rdamedia
=338  \\$avolume$bnc$2rdacarrier
=340  \\$m8vo$0http://rdaregistry.info/termList/bookFormat/1003
=490  1\$a[East India Company pamphlets ;$vv. 2, no. 2]
=500  \\$aTitle-page vignette, head- and tail-pieces, and initial.
=500  \\$aSignatures: A-F⁸
=610  20$aNederlandsche Oost-Indische Compagnie$vEarly works to 1800.
=651  \0$aEast Indies$xDescription and travel$vEarly works to 1800.
=830  \0$a[East India Company pamphlets ;$vv. 2, no. 2].
=913  \\$avb16
=926  \\$aMARS
=945  \\$aCAT$b1989-05-06$nvlr1
=967  \\$ascs20170325
=968  \\$aRDA ENRICHED
=997  \\$a952655874
=998  \\$aLDR:01567nam#a2200397#a#4500
=998  \\$b008:880519s1780####ne############000#0#fre##
=999  99$aAJB2855$bUL

