=LDR  02118cam a2200481 a 4500
=001  9922191500001701
=005  20170330013319.0
=008  800729s1784\\\\enkbf\\\\\\\\\000\0\eng\d
=035  \\$a(Aleph)006553405UMN01
=035  \\$aMB4907
=035  \\$a(OCoLC)6564966
=040  \\$aCOO$edcrmb$beng$cCOO$dOCLCQ$dOCLCG$dGBVCP$dOCLCQ$dMNU
=043  \\$aar-----$aaw-----
=049  \\$aMNUA
=050  \4$aDS47$b.C24 1784
=084  \\$a14$2ssgn
=099  \9$a1784 Cap
=100  1\$aCapper, James,$d1743-1825.
=245  10$aObservations on the passage to India, through Egypt, and across the Great Desert :$bwith occasional remarks on the adjacent countries, and also sketches of the different routes /$cby James Capper, Esq., Colonel in the service of the Hon. East India Company.
=246  18$aPassage to India$5MnU
=250  \\$aThe second edition, with additions.
=260  \\$aLondon :$bPrinted for W. Faden, Geographer to the King, Charing Cross; J. Robson, in New Bond Street; and R. Sewell, in Cornhill,$cMDCCLXXXIV [1784]
=300  \\$a4 unnumbered pages, vii, v-xx, 114 pages, 2 unnumbered folded leaves of plates :$bmaps ;$c28 cm (4to)
=336  \\$atext$btxt$2rdacontent
=337  \\$aunmediated$bn$2rdamedia
=338  \\$avolume$bnc$2rdacarrier
=340  \\$m4to$0http://rdaregistry.info/termList/bookFormat/1002
=500  \\$aSignatures: pi² [superscript pi]A⁴ A-O⁴ P⁴ (-P4) Q⁴ R².
=500  \\$aAlthough P4 is missing from the gathering, text and paging are continuous.
=500  \\$aHead- and tail-pieces.
=510  4\$aESTC$cT131050
=651  \0$aArabian Peninsula$xDescription and travel$vEarly works to 1800.
=651  \0$aMiddle East$xDescription and travel$vEarly works to 1800.
=700  1\$aFaden, William,$d1749-1836,$ebookseller.
=700  1\$aRobson, James,$d1733-1806,$ebookseller.
=700  1\$aSewell, R.,$ebookseller.
=752  \\$aGreat Britain$bEngland$dLondon.
=926  \\$aMARS
=967  \\$ascs20170325
=968  \\$aRDA ENRICHED
=997  \\$a6564966
=998  \\$aLDR:02040cam#a2200457#a#4500
=998  \\$b008:800729s1784####enkbf#########000#0#eng#d

