=LDR  04318cam a2200745 i 4500
=001  9922194990001701
=005  20170330013301.0
=008  931101s1796\\\\enkabef\\\\\\\001\0\eng\d
=035  \\$a(Aleph)001771014UMN01
=035  \\$a(MnU)notisANM7204
=035  \\$aMB6450
=035  \\$a(OCoLC)29524094
=040  \\$aMnU$beng$erda$edcrmb$cMnU$dMnU
=043  \\$as-sr---$as-gy---$as-fg---
=050  \4$aF2410
=099  \9$a1796 fSt
=100  1\$aStedman, John Gabriel,$d1744-1797.
=245  10$aNarrative, of a five years' expedition, against the revolted Negroes of Surinam, in Guiana, on the wild coast of South America :$bfrom the year 1772, to 1777 : elucidating the history of that country, and the description of its productions, viz. quadrupedes, birds, fishes, reptiles, trees, shrubs, fruits, & roots : with an account of the Indians of Guiana, & Negroes of Guinea /$cby Captn. J. G. Stedman ; illustrated with 80 elegant engravings, designed from nature, by the author.
=246  18$aStedman's narrative.
=264  \1$aLondon :$bprinted by J. Johnson, St. Pauls Church Yard, & J. Edwards, Pall Mall,$c1796
=300  \\$a2 volumes :$bcolored illustrations, portraits, 2 maps, 4 plans ;$c31 cm (4to)
=336  \\$atext$btxt$2rdacontent
=337  \\$aunmediated$bn$2rdamedia
=338  \\$avolume$bnc$2rdacarrier
=340  \\$m4to$0http://rdaregistry.info/termList/bookFormat/1002
=500  \\$aIllustration statement on title page of volume 2 reads: "Illustrated with 80 elegant engravings from drawings made by the author."
=500  \\$aPublication information on title page of volume 2 reads: "Printed for J. Johnson, St. Paul's Church Yard, & J. Edwards, Pall Mall."
=500  \\$aThe first edition.
=500  \\$aPagination: volume 1: 2 unnumbered pages, xviii, 14, *11-14*, 15-30, *29-30*, 31-276, *275-276*, 277-407 pages, 8 unnumbered pages, 41 leaves of plates (1 unnumbered, 3 folded) -- volume 2: 2 unnumbered pages, iv, 404, 7 pages, 51-80 leaves of plates (1 folded).
=500  \\$aSignatures: volume 1: a(3 leaves) b⁴ c² B⁴ C(6 leaves) D⁴ E⁴(E3+*E3) F-2M⁴ 2N⁴(2N2+*2N2) 2O-3G⁴ -- volume 2: b² B-3E⁴ 3F² 3G⁴. In volume 1, 'a2'.3 may be independent of the preceding dedication, and sheet C is not a regular gathering of 6 leaves.
=500  \\$aPrinted on woven paper.
=500  \\$aEngraved title pages, with hand colored vignettes (ships under sail).
=500  \\$aIllustrations, maps and plans hand colored, some including gilt decoration.
=500  \\$aPlates engraved by William Blake, Francesco Bartolozzi, Thomas Conder, Thomas Holloway, Inigo Barlow, John Perry, Michele Benedetti, and Anker Smith, all based on Stedman's watercolors.
=500  \\$a"List of subscribers names": volume 1, pages [vii]-[xiv].
=500  \\$aIncludes errata and index in each volume.
=510  4\$aEnglish Short Title Catalogue,$cT146565.
=600  10$aStedman, John Gabriel,$d1744-1797$xTravel$zSuriname.
=650  \0$aSlavery$zSuriname$xHistory$y18th century.
=650  \0$aIndians of South America$zGuyana$vEarly works to 1800.
=650  \0$aNatural history$zSuriname$vPre-Linnean works.
=651  \0$aSuriname$xDescription and travel$vEarly works to 1800.
=651  \0$aSuriname$xHistory$yTo 1814.
=651  \0$aFrench Guiana$xDescription and travel$vEarly works to 1800.
=651  \0$aSuriname$vMaps$vEarly works to 1800.
=700  1\$aBlake, William,$d1757-1827$eengraver.
=700  1\$aBartolozzi, Francesco,$d1727-1815,$eengraver.
=700  1\$aConder, Thomas,$d1746 or 1747-1831,$eengraver.
=700  1\$aHolloway, Thomas,$d1748-1827,$eengraver.
=700  1\$aBarlow, Inigo,$eengraver.
=700  1\$aPerry, John,$dactive 1791-1809,$eengraver.
=700  1\$aBenedetti, Michele,$d1745-1810,$eengraver.
=700  1\$aSmith, Anker,$d1759-1819,$eengraver.
=700  1\$aJohnson, Joseph,$d1738-1809,$ebookseller.
=700  1\$aEdwards, James,$d1756-1816,$ebookseller.
=700  1\$aRamus, William,$eformer owner.$5MnU
=752  \\$aGreat Britain$bEngland$dLondon.
=926  \\$aMARS
=945  \\$aCAT$b1993-11-01$nbao2
=967  \\$ascs20170325
=968  \\$aRDA ENRICHED
=997  \\$a29524094
=998  \\$aLDR:04272cam#a2200721#i#4500
=998  \\$b008:931101s1796####enkabef#######001#0#eng#d
=999  99$aANM7204$bUL

