=LDR  02682cam a2200565 a 4500
=001  9922233390001701
=005  20170330013539.0
=008  760415m17801783fr\bcef\\\\\\\001\0\fre\d
=035  \\$a(Aleph)006287911UMN01
=035  \\$aMB6443
=035  \\$a(OCoLC)2113635
=040  \\$aRRR$edcrmb$cRRR$dOCL$dOCLCQ$dUMS$dAMAZN$dZWZ$dMnU
=050  \4$aBV2290$b.A2 1780
=099  \\$a1780 Je
=110  2\$aJesuits
=240  10$aLetters from missions.$lFrench
=245  10$aLettres édifiantes et curieuses, écrites des missions étrangères.
=246  16$aLettres édifiantes et curieuses, écrites par des missionaries de la Compagnie de Jésus.
=250  \\$aNouvelle édition.
=260  \\$aA Paris :$bChez J.G. Merigot le jeune, Libraire, Quai des Augustins, au coin de la rue Pavée,$cMDCCLXXX-MDCCLXXXIII [1780-1783]
=300  \\$a26 volumes, including 52 leaves of plates (41 folded) :$billustrations (part. folded), portraits, folded maps, plans (part folded) ;$c18 cm (12mo)
=336  \\$atext$btxt$2rdacontent
=337  \\$aunmediated$bn$2rdamedia
=338  \\$avolume$bnc$2rdacarrier
=340  \\$m12mo$0http://rdaregistry.info/termList/bookFormat/1004
=500  \\$aIncludes half-title in each volume.
=500  \\$aHead- and tail-pieces, title page vignettes.
=500  \\$aCollected by C. Le Gobien, J.B. du Halde, N. Maréchal and L. Patouillet, and first published in Paris, 1702-76. This new edition of the rearrangement edited by Y.M.M.T. Querbeuf.
=500  \\$aIncludes index in each volume, and cumulative indexes for sections in volumes 5, 9, 15 and 24.
=505  0\$at. 1-5. Mémoires du Levant -- t. 6-9. Mémoires d'Amérique -- t. 10-15. Mémoires des Indes -- t. 16-24. Mémoires de la Chine, &c -- t. 25-26. Mémoires des Indes et de la Chine.
=510  4\$aSabin$c40698
=610  20$aJesuits.$tLetters from missions.
=610  20$aJesuits$xMissions.
=651  \0$aNorth America$vMaps$vEarly works to 1800.
=651  \0$aAsia$vMaps$vEarly works to 1800.
=651  \0$aMiddle East$vMaps$vEarly works to 1800.
=651  \0$aIndia$vMaps$vEarly works to 1800.
=700  1\$aLe Gobien, Charles,$d1653-1708.
=700  1\$aDu Halde, J.-B.$q(Jean-Baptiste),$d1674-1743.
=700  1\$aMaréchal, Nicolas,$d1744-?
=700  1\$aPatouillet, Louis,$d1699-1779.
=700  1\$aQuerbeuf, Yves Mathurin Marie Tréaudet de,$d1726-1797.
=700  1\$aMérigot, Jean-Gabriel,$d1738?-1818,$epublisher.
=926  \\$aMARS
=967  \\$ascs20170325
=968  \\$aRDA ENRICHED
=997  \\$a2113635
=998  \\$aLDR:02698cam#a2200541#a#4500
=998  \\$b008:760415m17801783fr#bcef#######001#0#fre#d
=SID  \\$aZ39$bOCLC

