=LDR  01507cam a2200397 a 4500
=001  9961153770001701
=005  20170406014834.0
=008  791102s1771\\\\gw\\\\\\\\\\\\001\0\ger\d
=035  \\$a(Aleph)006021887UMN01
=035  \\$aMB5633
=035  \\$a(OCoLC)5636722
=040  \\$aPJU$cPJU$edcrmb$dOCL$dPLT$dOCLCQ$dOCLCG$dMnU
=050  \4$aBX8565$b.C7 1771
=082  04$a284.6$bC85a
=099  \9$a1771 Cr
=100  1\$aCranz, David,$d1723-1777.
=245  10$aAlte und neue Brüder-Historie, oder, Kurz gefasste Geschichte der Evangelischen Brüder-Unität in den ältern Zeiten und insonderheit in dem gegenwärtigen Jahrhundert /$cvon David Cranz.
=260  \\$aBarby :$bBey Heinrich Detlef Ebers, und in Leipzig in Commisson bey Weidmans Erben und Reich,$c1771.
=300  \\$a16 unnumbered pages, 868 pages, 57 unnumbered page ;$c19 cm (8vo)
=336  \\$atext$btxt$2rdacontent
=337  \\$aunmediated$bn$2rdamedia
=338  \\$avolume$bnc$2rdacarrier
=340  \\$m8vo$0http://rdaregistry.info/termList/bookFormat/1003
=500  \\$aHead- and tail-pieces.
=500  \\$aErrata: pages [56-57].
=500  \\$aIncludes index.
=610  20$aMoravian Church$xHistory.
=700  1\$aEbers, Heinrich Detlef,$epublisher.
=710  2\$aWeidmans, Erben und Reich,$epublisher.
=926  \\$aMARS
=967  \\$ascs20170325
=968  \\$aRDA ENRICHED
=997  \\$a5636722
=998  \\$aLDR:01439cam#a2200373#a#4500
=998  \\$b008:791102s1771####gw############001#0#ger#d
=SID  \\$aZ39$bOCLC

