=LDR  02120nam a2200505 a 4500
=001  9961163530001701
=005  20170406014958.0
=008  110314s1771\\\\enk\\\\\\\\\\\000\0\eng\d
=035  \\$a(Aleph)006021581UMN01
=035  \\$aMB4564
=035  \\$a(OCoLC)517998311
=040  \\$aMnU$edcrmb$cMnU
=043  \\$aaz-----$ae-uk---
=050  \4$aAC4
=099  \9$a1771 Da1
=100  1\$aSmith, Nathaniel,$d1730-1794.
=245  10$aObservations on the present state of the East India Company, and on the measures to be pursued for ensuring its permanency, and augmenting its commerce.
=260  \\$aLondon :$bPrinted for J. Nourse, bookseller to His Majesty,$cMDCCLXXI [1771]
=300  \\$a2 unnumbered leaves, 91 pages, 1 unnumbered page ;$c21 cm (8vo)
=336  \\$atext$btxt$2rdacontent
=337  \\$aunmediated$bn$2rdamedia
=338  \\$avolume$bnc$2rdacarrier
=340  \\$m8vo$0http://rdaregistry.info/termList/bookFormat/1003
=500  \\$aAuthor of Observations on the present state of the East India Company = Nathaniel Smith. --ESTC.
=500  \\$aContemporary autograph on half-title of library's copy: by N. Smith.$5MnU
=500  \\$aSometimes attributed to A. Dalrymple.--British Museum Catalog.
=500  \\$aSometimes attributed to John Scott-Waring.--Cf. NUC pre-56.
=610  20$aEast India Company$vEarly works to 1800.
=651  \0$aEast Indies$xCommerce$zGreat Britain.
=651  \0$aGreat Britain$xCommerce$zEast Indies.
=651  \0$aIndia$xHistory$y18th century.
=651  \0$aIndia$xPolitics and government$y18th century.
=651  \0$aIndia$xEconomic conditions$y18th century.
=651  \0$aIndia$xForeign relations$zGreat Britain.
=651  \0$aGreat Britain$xForeign relations$zIndia.
=700  1\$aDalrymple, Alexander,$d1737-1808.
=700  1\$aScott,$cMajor$q(John),$d1747-1819.
=700  1\$aNourse, J.$q(John),$d-1780,$ebookseller.
=752  \\$aEngland$dLondon.
=926  \\$aMARS
=967  \\$ascs20170325
=968  \\$aRDA ENRICHED
=997  \\$a517998311
=998  \\$aLDR:02030nam#a2200481#a#4500
=998  \\$b008:110314s1771####enk###########000#0#eng#d

