=LDR  03585nam a2200373 a 4500
=001  9961603390001701
=005  20170406021754.0
=008  110720s1775\\\\ne\\\\\\\\\\\\000\0\fre\d
=035  \\$a(Aleph)006067496UMN01
=035  \\$aMB3030
=035  \\$a(OCoLC)742517662
=040  \\$aMnU$edcrmb$cMnU
=043  \\$ae------$ae-fr---
=050  \4$aD286
=099  \9$a1775 Eo
=100  1\$aEon de Beaumont, Charles Geneviève Louis Auguste André Timothée d',$d1728-1810.
=245  14$aLes loisirs du chevalier d'Éon de Beaumont, ancien ministre plénipotentiaire de France :$bsur divers sujets importants d'administration, & c. pendant son séjour en Angleterre.
=260  \\$aÀ Amsterdam,$cMDCCLXXV [1775]
=300  \\$a13 volumes ;$c21 cm (8vo)
=336  \\$atext$btxt$2rdacontent
=337  \\$aunmediated$bn$2rdamedia
=338  \\$avolume$bnc$2rdacarrier
=340  \\$m8vo$0http://rdaregistry.info/termList/bookFormat/1003
=500  \\$a(Cont.)--t. 8. Détails sur l'Écosse. Tableau des possessions de l'Angleterre dans l'Amérique. Établissements des Anglois aux Indes orientales.--t. 9. Dissertation sur la régie des bleds en France, combinée avec celle qui est en usage en Angleterre. Sur les mendiants & les enfants trouvés. Éclaircissements historiques sur le domaine du roi de France. Considération sur la gabelle, les aides & le tabac en France. Avantages pour la France, d'une création d'annuité ou rentes tournantes.--t. 10. Origine, droits et prérogatives des principaux emplois qui relevent de la couronne de France. Origine, nature et produit des impôts sur le clergé de France.--t. 11. Origine et progrès de la taille.--t. 12. Détail général de toutes les parties des finances du royaume de France. Mémoire instructif sur ce qu'on appelle en France le domaine d'Occident. Détail général et abregé de l'hôtel royal des Invalides, à Paris.
=500  \\$a(Cont.) Des maréchausées de France. État général et abregé des troupes de terre que la France a sur pied dans la présente année 1772. Recherches historiques sur les trois évêchés, Metz, Toul & Verdun. Situation avantageuse de la France dans l'Inde orientale avant la dernière guerre ou, Description de Masulipatan & de ses dépendences. Conclusion & opinion de l'auteur sur la paix.--t. 13. Table générale des matiéres.
=505  0\$at. 1. Tableau historique & politique de la république de Pologne. Recherches historiques sur la province d'Alsace.--t. 2. Recherches sur les royaum aumes de Naples & de Sicile.--t. 3. Abrégé chronologique de l'histoire sainte.--t. 4. Pensées sur le commerce général et particulier [and 13 other essays]--t. 5. Recherches sur les divers changements arrivés dans les lois russes jusques à ce jour. Mémoire général, sur le commerce de Russie. Mémoire particulier, sur la situation du commerce de France en Russie. Des monnoies, poids et mesures de Russie. Détails particuliers sur les principaux articles de commerce en Russie. Tarif alphabétique des droits sur les marchandises importées & exportées. Les deux derniers traités conclus entre la Russie & la Grande Bretagne mis en parallèle.--t. 6. [Miscellanea]--t. 7. Observations generales sur la royaume d'Angleterre.
=651  \0$aEurope$xHistory$y18th century.
=651  \0$aFrance$xEconomic conditions.
=926  \\$aMARS
=967  \\$ascs20170325
=968  \\$aRDA ENRICHED
=997  \\$a742517662
=998  \\$aLDR:03890nam#a2200349#a#4500
=998  \\$b008:110720s1775####ne############000#0#fre#d

