=LDR  02009cam a2200409 a 4500
=001  9961911330001701
=005  20170406023422.0
=008  781115s1776\\\\it\abcf\\\\\\\000\0\ita\\
=010  \\$a   03002758 
=035  \\$a(Aleph)006093944UMN01
=035  \\$aMB2834
=035  \\$a(OCoLC)4374777
=040  \\$aDLC$edcrmb$cYSM$dYSM$dOCLCQ$dOCLCG$dMnU
=043  \\$as-cl---
=050  00$aF3058$b.M72
=099  \9$a1776 Mo
=100  1\$aMolina, Giovanni Ignazio,$d1740-1829.
=245  10$aCompendio della storia geografica, naturale, e civile del regno del Chile.
=260  \\$aBologna :$bNella Stamperia di S. Tommaso d'Aquino,$cMDCCLXXVI [1776]
=300  \\$avii, 1 unnumbered page, 245 pages, 1 unnumbered page, 10 pages, 1 unnumbered leaf of plates (5 folded) :$billustrations, maps, portraits ;$c22 cm (8vo)
=336  \\$atext$btxt$2rdacontent
=337  \\$aunmediated$bn$2rdamedia
=338  \\$avolume$bnc$2rdacarrier
=340  \\$m8vo$0http://rdaregistry.info/termList/bookFormat/1003
=500  \\$aPublished anonymously.
=500  \\$aFormerly attributed to F. Vidaurre. cf. Meusel, Rich, Eyzaguirre: also Backer Sommervogel, Bibliographie de la Compagnie de Jésus, t. 5, 1894, and José T. Medina, Historia de la literatura colonial de Chile.
=500  \\$aBased on the work is the "Saggio sulla storia naturale del Chili, del signor abate Giovanni Ignazio Molina" which was published in 1782, followed by the continuation "Saggio sulla storia civile del Chili" in 1787. In later translations these two are issued as one work in two parts. cf. Colección de historadores de Chile, volume 11, introduction, and volume 26, page 105.
=650  \0$aNatural history$zChile.
=651  \0$aChile$xHistory$yTo 1810.
=710  2\$aStamperia di San Tommaso d'Aquino,$eprinter.
=926  \\$aMARS
=967  \\$ascs20170325
=968  \\$aRDA ENRICHED
=997  \\$a4374777
=998  \\$aLDR:01929cam#a2200385#a#4500
=998  \\$b008:781115s1776####it#abcf#######000#0#ita##
=SID  \\$aZ39$bOCLC

