=LDR  01875cam a2200433 a 4500
=001  9961926960001701
=005  20170406023549.0
=008  750808s1776\\\\enkb\\\\\\\\\\000\0\eng\\
=010  \\$a   02006384 
=035  \\$a(Aleph)006093372UMN01
=035  \\$aMB2810
=035  \\$a(OCoLC)1523810
=040  \\$aDLC$cDZM$dOCL$dOCLCQ$dLGG$dKRTAS$dMnU
=043  \\$an-us---$an------$anw-----
=050  04$aE154$b.N86 1776
=082  04$a917$bN364
=099  \9$a1776 No
=245  04$aThe North-American and the West-Indian gazetteer :$bContaining an authentic description of the colonies and islands in that part of the globe, shewing their situation, climate, soil produce, and trade: with their former and present conditions : also an exact account of the cities, towns, harbours, ports, bays, rivers, lakes, mountains, number of inhabitants, &c. /$cillustrated with maps.
=260  \\$aLondon :$bPrinted for G. Robinson, Pater-Noster-Row,$cMDCCLXXVI [1776]
=300  \\$a6 unnumbered pages, xxiv, 220 unnumbered pages, 2 unnumbered folded leaves of plates :$bmaps ;$c18 cm (12mo)
=336  \\$atext$btxt$2rdacontent
=337  \\$aunmediated$bn$2rdamedia
=338  \\$avolume$bnc$2rdacarrier
=340  \\$m12mo$0http://rdaregistry.info/termList/bookFormat/1004
=500  \\$aHalf title.
=500  \\$aPrinted two columns to the page.
=500  \\$aAddenda: pages [219-220].
=510  4\$aSabin$c55537
=651  \0$aUnited States$vGazetteers$vEarly works to 1800.
=651  \0$aNorth America$vGazetteers$vEarly works to 1800.
=651  \0$aWest Indies$vGazetteers$vEarlyl works to 1800.
=700  1\$aRobinson, George,$d1736-1801,$ebookseller.
=926  \\$aMARS
=967  \\$ascs20170325
=968  \\$aRDA ENRICHED
=997  \\$a1523810
=998  \\$aLDR:01776cam#a2200409#a#4500
=998  \\$b008:750808s1776####enkb##########000#0#eng##
=SID  \\$aZ39$bOCLC

