=LDR  01732nam a2200445 a 4500
=001  9925464590001701
=005  20170330060424.0
=008  110831s1776\\\\enk\\\\\\\\\\\000\0\eng\d
=035  \\$a(Aleph)006080881UMN01
=035  \\$aMB6428
=035  \\$a(OCoLC)7049524
=040  \\$aMnU$edcrmb$cMnU
=043  \\$ae-uk---$an------$as------$an-us---
=050  \4$aAC4
=099  \9$a1776 Ex
=245  00$aExperience preferable to theory :$ban answer to Dr. Price's Observations on the nature of civil liberty, and the justice and policy of the war with America.
=260  \\$aLondon :$bPrinted for T. Payne at Mews-Gate,$cMDCCLXXVI [1776]
=300  \\$a2 unnumbered leaves, 102 pages ;$c22 cm (8vo)
=336  \\$atext$btxt$2rdacontent
=337  \\$aunmediated$bn$2rdamedia
=338  \\$avolume$bnc$2rdacarrier
=340  \\$m8vo$0http://rdaregistry.info/termList/bookFormat/1003
=500  \\$aSometimes attributed to Gov. Thomas Hutchinson.
=500  \\$aWith a half-title.
=500  \\$aErrata: page 102.
=510  4\$aAdams,$c76-45
=510  4\$aSabin,$c23409
=510  4\$aEnglish Short Title Catalog,$cESTCT12693
=600  10$aPrice, Richard,$d1723-1791.$tObservations on the nature of civil liberty.
=651  \0$aUnited States$xHistory$yRevolution, 1775-1783$xCauses.
=651  \0$aGreat Britain$xColonies$zAmerica$xAdministration.
=651  \0$aUnited States$xPolitics and government$y1775-1783.
=651  \0$aGreat Britain$xPolitics and government$y1760-1789.
=700  1\$aPayne, Thomas,$d1752-1831,$ebookseller.
=926  \\$aMARS
=967  \\$ascs20170325
=968  \\$aRDA ENRICHED
=997  \\$a7049524
=998  \\$aLDR:01642nam#a2200421#a#4500
=998  \\$b008:110831s1776####enk###########000#0#eng#d

