=LDR  01788cam a2200445 a 4500
=001  9925484140001701
=005  20170330060501.0
=008  791119s1775\\\\enk\\\\\\\\\\\000\0\eng\\
=010  \\$a   05014321 
=035  \\$a(Aleph)006081533UMN01
=035  \\$aMB4538
=035  \\$a(OCoLC)5715258
=040  \\$aDLC$beng$cCLE$dOCL$dOCLCQ$dOCLCG$dCLU$dKRTAS$dOCLCQ$dMnU
=041  1\$aeng$hfre
=043  \\$ai-mf---$ai-re---$af-sa---
=050  04$aDT469.M4$bS14
=092  \\$a469.82$bSa24v
=099  \9$a1775 Sa
=100  1\$aSaint-Pierre, Bernardin de,$d1737-1814.
=245  12$aA voyage to the Isle of Mauritius, (or, Isle of France), the Isle of Bourbon, the Cape of Good Hope, &c. :$bwith observations and reflections upon nature and mankind /$cby a French officer ; translated from the French by John Parish.
=260  \\$aLondon :$bPrinted for W. Griffin, No. 6, Catharine-Street, Strand,$cMDCCLXXV [1775]
=300  \\$a[xii], 291 [i.e., 292] pages ;$c23 cm (8vo)
=336  \\$atext$btxt$2rdacontent
=337  \\$aunmediated$bn$2rdamedia
=338  \\$avolume$bnc$2rdacarrier
=340  \\$m8vo$0http://rdaregistry.info/termList/bookFormat/1003
=500  \\$aAn abridged translation of the original work. cf. Translator's preface.
=500  \\$aPages 290-292 misnumbered 289-291.
=651  \0$aMauritius$xDescription and travel.
=651  \0$aRéunion$xDescription and travel.
=651  \0$aEastern Cape (South Africa)$xDescription and travel.
=700  1\$aParish, John,$etranslator.
=700  1\$aGriffin, William,$dactive 1758-1776,$ebookseller.
=926  \\$aMARS
=967  \\$ascs20170325
=968  \\$aRDA ENRICHED
=997  \\$a5715258
=998  \\$aLDR:01696cam#a2200421#a#4500
=998  \\$b008:791119s1775####enk###########000#0#eng##
=999  \\$aZ39$bOCLC

