=LDR  01824cam a2200421 a 4500
=001  9925504490001701
=005  20170330060549.0
=008  800513s1776\\\\enk\\\\\\\\\\\000\0\eng\\
=010  \\$a   05021842 
=035  \\$a(Aleph)006080853UMN01
=035  \\$aMB6429
=035  \\$a(OCoLC)6312632
=040  \\$aDLC$edcrmb$cVA@$dVA@$dOCLCQ$dOCLCG$dMnU
=043  \\$an-us---
=045  \\$av7v8
=050  00$aE211$b.F45
=099  \9$a1776 Fl
=100  1\$aFletcher, John,$d1729-1785.
=245  10$aAmerican patriotism farther confronted with reason, scripture and the constitution :$bbeing observations on the dangerous politicks taught by the Rev. Mr. Evans, M.A. and the Rev. Dr. Price : with a scriptural plea for the revolted colonies /$cBy J. Fletcher, vicar of Madeley, Salop.
=260  \\$aShrewsbury :$bPrinted by J. Eddowes, and sold at the foundery, and by J. Buckland, in Paternoster-Row, London,$cMDCCLXXVI [1776]
=300  \\$aviii, 130 pages ;$c19 cm (12mo)
=336  \\$atext$btxt$2rdacontent
=337  \\$aunmediated$bn$2rdamedia
=338  \\$avolume$bnc$2rdacarrier
=340  \\$m12mo$0http://rdaregistry.info/termList/bookFormat/1004
=500  \\$aSabin 24724.
=600  10$aEvans, Caleb,$d1737-1791.$tReply to the Rev. Mr. Fletcher's Vindication of Mr. Wesley's Calm address to our American colonies.
=600  10$aPrice, Richard,$d1723-1791.$tObservations on the nature of civil liberty.
=651  \0$aUnited States$xHistory$yRevolution, 1775-1783$xCauses.
=700  1\$aEddowes, Joshua,$d1724-1811,$eprinter.
=700  1\$aBuckland, James,$d1710 or 1711-1790,$ebookseller.
=926  \\$aMARS
=967  \\$ascs20170325
=968  \\$aRDA ENRICHED
=997  \\$a6312632
=998  \\$aLDR:01725cam#a2200397#a#4500
=998  \\$b008:800513s1776####enk###########000#0#eng##
=999  \\$aZ39$bOCLC

