=LDR  01835cam a2200409 a 4500
=001  9925519470001701
=005  20170330060634.0
=008  760308s1776\\\\ne\\\\\\\\\\\\000\0\fre\\
=010  \\$a   05023638 
=035  \\$a(Aleph)006081564UMN01
=035  \\$aMB1897
=035  \\$a(OCoLC)2036574
=040  \\$aDLC$edcrmb$cDLM$dOCLCQ$dOCLCG$dHBS$dMnU
=050  04$aHB153$b.C74
=099  \9$a1776 Con
=100  1\$aCondillac, Etienne Bonnot de,$d1714-1780.
=245  13$aLe commerce et le gouvernement, considérés rélativement l'un à l'autre :$bouvrage élémentaire /$cpar M. l'abbé de Condillac, de l' Académie Françoise, & membre de las Société Royale d'Agriculture d'Orléans.
=260  \\$aÀ Amsterdam, et se trouve à Paris :$bChez Jombert & Cellot, libraires,$cMDCCLXXVI [1776]
=300  \\$a2 pts. in 1 (1 unnumbered leaf, vi, ii, 586 pages) ;$c19 cm (12mo)
=336  \\$atext$btxt$2rdacontent
=337  \\$aunmediated$bn$2rdamedia
=338  \\$avolume$bnc$2rdacarrier
=340  \\$m12mo$0http://rdaregistry.info/termList/bookFormat/1004
=500  \\$aFirst edition. cf. Kress 7200. Cioranescu 20318.
=500  \\$aErrata: p. vi.
=505  0\$a1ère ptie. Notions élémentaires sur commerce, déterminées d'après des suppositions, ou, Principes de las science économique -- 2e ptie. Le commerce & le gouvernement considérés relativement l'un à l'autre d'après des suppositions.
=650  \0$aEconomics.
=650  \0$aCommercial policy
=700  1\$aJombert, Charles-Antoine,$d1712-1784,$ebookseller.
=700  1\$aCellot, Louis,$d1731-1815,$ebookseller.
=926  \\$aMARS
=967  \\$ascs20170325
=968  \\$aRDA ENRICHED
=997  \\$a2036574
=998  \\$aLDR:01887cam#a2200385#a#4500
=998  \\$b008:760308s1776####ne############000#0#fre##
=999  \\$aZ39$bOCLC

