=LDR  02001cam a2200385 a 4500
=001  9938732000001701
=005  20170402014632.0
=008  960726s1791\\\\po\\\\\\\\\\\\000\0\por\d
=035  \\$a(Aleph)004694827UMN01
=035  \\$a(NJP)notisCCF9611
=035  \\$a(OCoLC)35403183
=040  \\$aNjP$cNjP$edcrb$dMnU
=050  \4$aKE3104$b.R47 1791
=099  \9$a1791 Re
=100  1\$aReis, José Antonio Alves dos.
=245  10$aCertidaõ extrahida da causa, que no juizo da correiçaõ do crime da corte e casa, como privativo das falsidades, se processou entre Manoel Joaquim Rebello, homem de negocio da praça de Lisboa denunciante, e author, e José Antonio Alves dos Reis, que fora seu caixeiro, réo denunciado, prezo, e accusado pelos clandestinos monstruosos furtos da letra, e sinal do mesmo Rebello :$be sentenças, que se proferio em relaçaõ contra o réo, naõ só sobre as suas repetidas confissões, e demonstrações, mas sobre muitos documentos, e testemunhas, as quaes no summario, e plenario perfazem o número de ointenta, como na dita causa se póde ver.
=260  \\$aLisboa :$bNa Officina de Antonio Rodrigues Galhardo ...,$cAnno 1791.
=300  \\$a4 unnumbered pages, 151 pages, 1 unnumbered page (last page blank) ;$c34 cm (folio)
=336  \\$atext$btxt$2rdacontent
=337  \\$aunmediated$bn$2rdamedia
=338  \\$avolume$bnc$2rdacarrier
=340  \\$mfolio$0http://rdaregistry.info/termList/bookFormat/1001
=600  10$aReis, José Antonio Alves dos$xTrials, litigation, etc.
=600  10$aRebello, Manoel Joaquim.
=650  \0$aTrials (Embezzlement)$zPortugal$zLisbon.
=650  \0$aTrials (Libel)$zPortugal$zLisbon.
=651  \0$aLisbon (Portugal)$xCommerce$vEarly works to 1800.
=700  1\$aRebello, Manoel Joaquim.
=926  \\$aMARS
=967  \\$ascs20170325
=968  \\$aRDA ENRICHED
=997  \\$a35403183
=998  \\$aLDR:02015cam#a2200361#a#4500
=998  \\$b008:960726s1791####po############000#0#por#d
=SID  \\$aZ39$bRLG

