=LDR  01696nam a2200469 a 4500
=001  9938739800001701
=005  20170929164000.0
=008  850620s1786\\\\enk\\\\\\\\\\\000\0\eng\d
=035  \\$a(Aleph)003069485UMN01
=035  \\$a(MnU)notisANU3378
=035  \\$a(OCoLC)16108638
=035  \\$aMB2647
=040  \\$aCU-BANC$cCU-BANC$dPU$dMnU
=043  \\$ae-uk---
=050  \4$aDS473$b.PC32:7
=050  \4$aDS473$b.PC91:7
=099  \9$a1786 Ro
=100  1\$aRous, Thomas Bates,$eauthor.
=245  10$aObservations on the commutation project /$cby Thomas Bates Rous, Esq. ; with a supplement.
=260  \\$a[London] :$bPrinted for J. Debrett, opposite Burlington-house, Piccadilly,$c1786.
=300  \\$a39 ;$c22 cm (8vo)
=336  \\$atext$btxt$2rdacontent
=337  \\$aunmediated$bn$2rdamedia
=338  \\$avolume$bnc$2rdacarrier
=340  \\$m8vo$0http://rdaregistry.info/termList/bookFormat/1003
=490  1\$a[Ames Library pamphlet collection ;$v32:7]
=490  1\$a[Ames Library pamphlet collection ;$v91:7]
=500  \\$aSignatures: A-E⁴
=610  10$aGreat Britain.$tCommutation act 1784.
=650  \0$aTea trade$zGreat Britain$vEarly works to 1800.
=650  \0$aTariff on tea$zGreat Britain$vEarly works to 1800.
=650  \0$aSmuggling$zGreat Britain$vEarly works to 1800.
=773  18$gno:32$w9953698840001701
=773  18$gno:91$w9953698840001701
=830  \0$a[Ames Library pamphlet collection ;$v32:7].
=830  \0$a[Ames Library pamphlet collection ;$v91:7].
=926  \\$aMARS
=968  \\$aRDA ENRICHED
=997  \\$a16108638
=998  \\$aLDR:01626nam#a2200457#a#4500
=998  \\$b008:850620s1786####enk###########000#0#eng#d
=999  99$aANU3378$bUL

