=LDR  02727nam a2200469ua 4500
=001  9938806210001701
=005  20170402015159.0
=008  830301s1540\\\\it\a\\\\\\\\\\000\0\ita\d
=010  \\$a   08009733 
=035  \\$a(Aleph)001902466UMN01
=035  \\$a(MnU)notisASM5225
=035  \\$aBELLTRANSFER0251
=035  \\$a(OCoLC)4697012
=040  \\$aRPB$cRPB
=050  00$aQB41$b.P5 1540
=090  \\$aQB41$b.P5 1540
=100  1\$aPiccolomini, Alessandro,$d1508-1578.
=245  10$aDe la sfera del mondo. :$bLibri quattro in lingua toscana: i quali non per via de traduttione, nè à qual si voglia particolare scrittore obligati: ma parte da i migliori raccogliendo; e parte di nuouo producendo; contengano in se tutto quel ch'intorno à tal materia si possa desiderare; ridotti à ta[n]ta ageuolezza, & à cosi facil modo di dimostrare che qual si voglia poco essercitato negli studij di matemmatica potrà ageuolissimamente & con prestezza intenderne il tutto. ; De le stelle fisse. Libro uno con le sue figure, e con le sue tauole: doue co[n] marauigliosa ageuolezza potrà ciascheduno conoscere qualunque stella dele XLVIII immagini del cielo stellato, e le fauole loro integramente: & sapere in ogni tempo del'anno, à qual si voglia hora di notte, in che parte del cielo si truouino, non solo le dette immagini, ma qualunq[ue] stella di quelle.
=246  33$aDe le stelle fisse
=260  \\$aIn Venetia ... :$bPer Giouanantonio & Domenico fratelli de Volpini da Castelgiufredo, ad instantia de Andrea Ariuabeno ...,$cMDXL. [1540]
=300  \\$a4 unnumbered pages, 176 [i.e. 178], 6 unnumbered leaves :$billustrations ;$c22 cm (4to)
=336  \\$atext$btxt$2rdacontent
=337  \\$aunmediated$bn$2rdamedia
=338  \\$avolume$bnc$2rdacarrier
=340  \\$m4to$0http://rdaregistry.info/termList/bookFormat/1002
=500  \\$aAuthor's name in dedication: Alisandro Piccolomini altrimenti Lo Stordito Intronato.
=500  \\$a"De le stelle fisse" has separate title page.
=500  \\$aVignette on both title pages; some decorated initials.
=500  \\$aPublisher from colophon on leaf [2] of last group.
=500  \\$aNumbers 103-106 repeated and numbers 166-167 omitted in foliation.
=500  \\$aErrata on leaf [2] of 1st group and leaves [1]-[2] of last group.
=510  4\$aRenaissance books of science from the collection of Albert E. Lownes,$c31.
=650  \0$aAstronomy$vEarly works to 1800.
=650  \0$aConstellations.
=926  \\$aMARS
=945  \\$aCAT$b1999-09-22$nbao2
=967  \\$ascs20170325
=968  \\$aRDA ENRICHED
=997  \\$a4697012
=998  \\$aLDR:02677nam#a2200445ua#4500
=998  \\$b008:830301s1540####it#a##########000#0#ita#d
=999  99$aASM5225$bUL

