=LDR  02186cam a2200469 a 4500
=001  9939030610001701
=005  20170402020407.0
=008  790509s1775\\\\enk\\\\\\\\\\\000\0\eng\\
=010  \\$a   07003224 
=035  \\$a(Aleph)006069906UMN01
=035  \\$aMB2047
=035  \\$a(OCoLC)4945294
=040  \\$aDLC$edcrmb$beng$cCLE$dOCLCQ$dOCLCG$dKRTAS$dHBS$dOCLCQ$dMnU
=043  \\$anw-----$an-us---$ae-uk---
=050  \4$aHB151
=092  \\$a650.9729$bG518s
=099  \9$a1775 Gl
=100  1\$aGlover, Richard,$d1712-1785.
=245  14$aThe substance of the evidence on the petition presented by the West-India planters and merchants to the Hon. House of commons :$bas it was introduc'd at the bar, and summ'd up /$cby Mr. Glover on Thursday the 16th of March, 1775.
=260  \\$aLondon :$bPrinted by H.S. Woodfall, for T. Cadell, in the Strand, and sold by J. Wilkie, in St. Paul's Church-yard,$c[1775]
=300  \\$a2 unnumbered pages, 47 pages ;$c22 cm (8vo)
=336  \\$atext$btxt$2rdacontent
=337  \\$aunmediated$bn$2rdamedia
=338  \\$avolume$bnc$2rdacarrier
=340  \\$m8vo$0http://rdaregistry.info/termList/bookFormat/1003
=500  \\$aAnother edition, published the same year, has title, "The evidence delivered on the petition [etc.]" and includes the testimony of the two witnesses Walker and Ellis, which is omitted from the present edition.
=500  \\$aErrata: verso of title page.
=520  \\$aOn the question of commercial relations between the British West Indies and the thirteen colonies.
=651  \0$aWest Indies, British$xCommerce$zUnited States.
=651  \0$aUnited States$xCommerce$zWest Indies, British.
=651  \0$aGreat Britain$xCommercial policy.
=651  \0$aUnited States$xPolitics and government$y1775-1783.
=700  1\$aWoodfall, H. S.$q(Henry Sampson),$d1739-1805,$eprinter.
=700  1\$aCadell, T.$q(Thomas),$d1742-1802,$ebookseller.
=700  1\$aWilkie, J.$q(John),$d-1785,$ebookseller.
=926  \\$aMARS
=967  \\$ascs20170325
=968  \\$aRDA ENRICHED
=997  \\$a4945294
=998  \\$aLDR:02094cam#a2200445#a#4500
=998  \\$b008:790509s1775####enk###########000#0#eng##
=SID  \\$aZ39$bOCLC

