=LDR  02051cam a2200505Ii 4500
=001  9960642260001701
=005  20180131124755.0
=008  790302s1789\\\\dk\\\\\\\\\\\\000\0\dan\d
=035  \\$a(MnU)notisABD2301
=035  \\$a(Aleph)000052967UMN01
=035  \\$aMB7200
=035  \\$aMB20126
=035  \\$a(OCoLC)4707065
=040  \\$aMNU$beng$cMNU$dOCLCQ$dOCLCO$dOCLCA$dMNU
=043  \\$ae-dk---$aas-----$aaz-----
=050  \4$aHB151
=100  1\$aUhrbrock, Andreas Christian,$eauthor.
=245  10$aMere til publikum i en ikke nok bekiendt sag,$cfra Andreas Christian Uhrbrock.
=264  \1$aKiøbenhavn :$bTrykt paa Gyldendals Forlag,$c1789.
=300  \\$a[2], 56, [26] pages ;$c19 cm (8vo)
=336  \\$atext$btxt$2rdacontent
=337  \\$aunmediated$bn$2rdamedia
=338  \\$avolume$bnc$2rdacarrier
=340  \\$m8vo$0http://rdaregistry.info/termList/bookFormat/1003
=500  \\$aFraktur.
=500  \\$aHead- and tail-pieces, title page vignette.
=500  \\$aSignatures: pi² (-pi2) A-C⁸ D⁴ [star]⁸ [2star]⁴ [3star]² (-[3star]2)
=510  4\$aBibliotheca Danica,$cV: 142.
=500  \\$aUhrbrock was involved in the lawsuit between the firms of Black & Co., and Coninck & Reierson, growing out of the Danish Asiatic Company's expedition with the ship Princesse Frederikke. This is, in part, a response to Lycke's Noget til publikum.
=600  10$aLycke, Christian Jacob.$tNoget til publikum i en bekiendt sag.
=610  20$aPrincesse Friderica (Ship)
=610  20$aDanske asiatiske kompagni
=651  \0$aDenmark$xCommerce$xHistory$vSources.
=651  \0$aDenmark$xCommerce$zEast Indies.
=651  \0$aEast Indies$xCommerce$zDenmark.
=710  2\$aChristen Schaarup Black's Enke, & Comp,$ePlaintiff.
=710  2\$aConinck & Reiersen,$eDefendant.
=909  \\$acat$bMNU$c2017-11-16$dm-mccl
=913  \\$avb16
=926  \\$aMARS
=967  \\$ascs20170325
=968  \\$aRDA ENRICHED
=997  \\$a4707065
=998  \\$aLDR:01947cam#a2200469Ii#4500
=998  \\$b008:790302s1789####dk############000#0#dan#d

