=LDR  03248cam a2200685 a 4500
=001  9974069805901701
=005  20170408043704.0
=008  910129s1642\\\\fr\\\\\\\\\\\\000\0\lat\d
=035  \\$aMB20056
=035  \\$a(OCoLC)23026609
=040  \\$aRQP$beng$edcrmb$cRQP$dOCLCQ$dBAT$dOCLCQ$dOCLCA$dOCLCF$dOCLCQ$dXII$dOCL
=041  1\$alat$hspa
=043  \\$as-py---
=090  \\$aBX3714.P2$bJ47 1642
=099  \\$a1642 Be
=110  2\$aJesuits.$bProvincia del Paraguay.
=245  10$aLitterae annuae Provinciae Paraquariae Societatis Iesu :$bad admodùm R.P. Mutium Vitellescum ejusdem Societatis Prȩpositum Generalem /$cmissae à R.P. Jacobo de Beroa Paraquariae Praeposito Provinciali, ex Hispanico autographo Latinè redditae à P. Francisco de Hamal Belgâ Societatis ejusdem.
=246  3\$aLitterae annvae Provinciae Paraqvariae Societatis Iesv
=246  3\$aLitterae annuae Provinciae Paraquariae Societatis Jesu
=260  \\$aInsulis [Lille] :$bTypis Tossani Le Clercq,$cAnno MDCXLII [1642]
=300  \\$a8 unnumbered pages, 347 pages, 3 unnumbered pages ;$c15 cm (8vo)
=336  \\$atext$btxt$2rdacontent
=337  \\$aunmediated$bn$2rdamedia
=338  \\$avolume$bnc$2rdacarrier
=340  \\$m8vo$0http://rdaregistry.info/termList/bookFormat/1003
=500  \\$aCovers the period from 1635 to July 1637.
=500  \\$aPlace of publication (Lille) from European Americana and Palau y Dulcet.
=500  \\$aSignatures: )(⁴ A-Y⁸ (Y7 blank, -Y8).
=500  \\$aErrors in pagination: Pages 50, 188, 189, 190, 191, 192 misnumbered 54, 190, 191, 192, 193, 194, respectively.
=500  \\$aTitle vignette: Jesuit trigram.
=500  \\$aHeadpiece; tailpieces; initials.
=510  4\$aBibliothèque de la Compagnie de Jésus,$cv. 1, column 1355, no. 2
=510  4\$aEuropean Americana,$centry 642/13
=510  4\$aPalau y Dulcet, A. Manual del librero hispano-americano (2. ed.),$centry 33170
=510  4\$aSabin, J. Dictionary of books relating to America from its discovery to the present time,$centry 4956
=500  \\$a"Errata": page [1] at end.
=610  20$aJesuits$xMissions$zParaguay$vEarly works to 1800.
=610  20$aJesuits$zParaguay$xHistory$y17th century$vSources.
=610  20$aJesuits$vCorrespondence$vEarly works to 1800.
=651  \0$aParaguay$xChurch history$y17th century$vSources.
=610  27$aJesuits$2fast$0(OCoLC)fst00532143
=650  \7$aMissions.$2fast$0(OCoLC)fst01023771
=651  \7$aParaguay$2fast$0(OCoLC)fst01205550
=648  \7$a1600 - 1699$2fast
=655  \7$aChurch history.$2fast$0(OCoLC)fst01411629
=655  \7$aEarly works.$2fast$0(OCoLC)fst01411636
=655  \7$aHistory.$2fast$0(OCoLC)fst01411628
=655  \7$aRecords and correspondence.$2fast$0(OCoLC)fst01423917
=655  \7$aSources.$2fast$0(OCoLC)fst01423900
=700  1\$aBeroa, Diego de,$d1585-1658.
=700  1\$aHamal, François,$d1610-1655,$etranslator.
=700  1\$aLe Clercq, Toussaint,$d-1665,$eprinter.
=752  \\$aFrance$dLille.
=909  \\$acat$bMNU$c2016-02-16$dm-mccl
=926  \\$aMARS
=967  \\$ascs20170325
=968  \\$aRDA ENRICHED
=997  \\$a23026609
=998  \\$aLDR:03187cam#a2200649#a#4500
=998  \\$b008:910129s1642####fr############000#0#lat#d

