=LDR  01899nam a2200445 i 4500
=001  9974082906801701
=005  20170706123342.0
=008  160212s1664\\\\fr\\\\\\\\\\\f000\0\fre\d
=035  \\$aMB20060
=035  \\$a(OCoLC)939035386
=040  \\$aMNU$beng$erda$edcrmb$cMNU$dMNU
=099  \\$a1664 Ta
=110  1\$aFrance.
=245  10$aTarif general des droicts des sorties et entrées du royaume, et des prouinces esquelles les bureaux ne sont etablis, ordonné estre leuez sur toutes les marchandises & denrées. Arresteé au Conseil royal, le 18. septembre 1664. :$bAuec l'édict desdits mois & an, donné pour la leuée desdits droicts.
=264  \0$aA Paris :$bDe l'Imprimerie d' Antoine Vitré,$cMDCLXIV [1664]
=300  \\$a36, 47 pages, 1 unnumbered pages ;$c28 cm (folio)
=336  \\$atext$btxt$2rdacontent
=337  \\$aunmediated$bn$2rdamedia
=338  \\$avolume$bnc$2rdacarrier
=340  \\$mfolio$0http://rdaregistry.info/termList/bookFormat/1001
=500  \\$aSignatures: A-I² A-M²
=500  \\$aTitle page vignettes and head-pieces.
=500  \\$aEach section has an identical title page.
=505  0\$aSorties -- Entrées.
=650  \0$aTariff$zFrance$vEarly works to 1800.
=650  \0$aInternal revenue law$zFrance$vEarly works to 1800.
=650  \7$aInternal revenue law.$2fast$0(OCoLC)fst00976622
=650  \7$aTariff.$2fast$0(OCoLC)fst01143154
=651  \7$aFrance$2fast$0(OCoLC)fst01204289
=655  \7$aEarly works.$2fast$0(OCoLC)fst01411636
=700  1\$aVitré, Antoine,$dapproximately 1595-1674,$eprinter.
=710  1\$aFrance.$bSovereign (1643-1715 : Louis XIV)
=752  \\$aFrance$dParis.
=909  \\$acat$bMNU$c2016-02-12$dm-mccl$eori
=926  \\$aMARS
=967  \\$ascs20170325
=968  \\$aRDA ENRICHED
=997  \\$a939035386
=998  \\$aLDR:01829nam#a2200409#i#4500
=998  \\$b008:160212s1664####fr###########f000#0#fre#d

