=LDR  01914ntm a2200373Ii 4500
=001  9974095509301701
=005  20180131124814.0
=008  171102m17841789bo\\\\\\\\\\\\000\0\spa\d
=035  \\$aMB20072
=035  \\$a(OCoLC)1008995937
=040  \\$aMNU$beng$edcrmmss$cMNU
=043  \\$as-bo---
=099  \9$a1789 fBo
=245  00$aOfficial certified transcript of documents relating to the Franciscan missions of Iti and the Guaricaya Indians in southern Bolivia,$f1784-1789.
=246  18$aFranciscan Iti mission, Bolivia, 1784-1789.
=264  \0$aLa Plata [Bolivia],$c1784-1789.
=300  \\$ai item (32 unnumbered pages) ;$c32 cm (fol.)
=336  \\$atext$btxt$2rdacontent
=337  \\$aunmediated$bn$2rdamedia
=338  \\$avolume$bnc$2rdacarrier
=340  \\$mfolio$0http://rdaregistry.info/termList/bookFormat/1001
=500  \\$aIn Spanish.
=500  \\$aFinal page blank.
=520  \\$aThis is an official collection of documents recording the accounts and explanations of expenses for the Franciscan administration of Iti, detailing items and their costs, as well as correspondence concerning staff and operations. Little documentation has survived about this mission in the foothills of the Andes. The records also mention the Guaricaya, a tribal group in the area about which little is known. This mission was originally founded by the Jesuits, but taken over by the Franciscans following the Jesuit expulsion in 1767.
=610  20$aFranciscans$xMissions$zBolivia$vEarly works to 1800.
=610  20$aFranciscans$xMissions$xAdministration$vEarly works to 1800.
=650  \0$aIndians of South America$zBolivia$vEarly works to 1800.
=650  \0$aManuscripts, Spanish$vSpecimens.
=909  \\$acat$bMNU$c2017-11-02$dm-mccl$eori
=913  \\$avb16
=967  \\$ascs20170325
=997  \\$a1008995937
=998  \\$aLDR:01781ntm#a2200337Ii#4500
=998  \\$b008:171102m17841789bo############000#0#spa#d

