=LDR  02057cam a2200481 i 4500
=001  9974117630401701
=005  20170408045755.0
=008  850510s1786\\\\ie\\\\\\\\\\\\000\0\eng\d
=016  7\$a015313963$2Uk
=035  \\$aMB3075
=035  \\$a(OCoLC)12018632
=040  \\$aHVC$beng$erda$edcrmb$cHVC$dOCL$dOCLCQ$dOCLCG$dOCLCQ$dUKMGB$dOCLCF$dOCLCQ$dOCLCO$dMNU
=041  \\$aeng$hlat
=043  \\$af------
=049  \\$aMNUA
=050  \4$aBX7642.C55$bE79 1786a
=099  \9$a1786 Cl
=100  1\$aClarkson, Thomas,$d1760-1846.
=245  13$aAn essay on the slavery and commerce of the human species, particularly the African :$btranslated from a Latin dissertation, which was honoured with the first prize in the University of Cambridge, for the year 1785, with additions.
=264  \0$aDublin [Ireland] :$bPrinted by W. Porter, No. 12, Skinner-Row,$cMDCCLXXXVI [1786]
=300  \\$a4 pages, 1 unnumbered page, vi-xxxii, 256 pages ;$c22 cm (8vo)
=336  \\$atext$btxt$2rdacontent
=337  \\$aunmediated$bn$2rdamedia
=338  \\$avolume$bnc$2rdacarrier
=340  \\$m8vo$0http://rdaregistry.info/termList/bookFormat/1003
=510  0\$aNot in Smith.
=500  \\$aIntroductory letter presenting his treatise signed by Thomas Clarkson.
=500  \\$aSignatures: A-S⁸
=505  0\$aPart I. The history of slavery -- Part II. The African commerce, or Slave trade -- Part III. The slavery of the Africans in the European colonies.
=650  \0$aSlavery$xHistory$vEarly works to 1800.
=650  \0$aSlave trade$zAfrica$vEarly works to 1800.
=650  \7$aSlave trade.$2fast$0(OCoLC)fst01120405
=650  \7$aSlavery.$2fast$0(OCoLC)fst01120426
=651  \7$aAfrica.$2fast$0(OCoLC)fst01239509
=655  \7$aHistory.$2fast$0(OCoLC)fst01411628
=700  1\$aPorter, William,$d1757-1841,$eprinter.
=909  \\$acat$bMNU$c2016-04-27$dm-mccl
=926  \\$aMARS
=967  \\$ascs20170325
=968  \\$aRDA ENRICHED
=997  \\$a12018632
=998  \\$aLDR:01992cam#a2200469#i#4500
=998  \\$b008:850510s1786####ie############000#0#eng#d

