=LDR  02306nam a2200457 i 4500
=001  9974132007401701
=005  20181105134659.0
=008  160520s1475\\\\gw\abj\\\\\\\u001\0\lat\d
=035  \\$aMB20029
=035  \\$a(OCoLC)950030072
=040  \\$aMNU$beng$erda$edcrmb$cMNU
=049  \\$aMNUA
=099  \0$a1475 oRu
=130  0\$aRudimentum novitiorum.
=245  10$a[Rudime[n]tum nouicioru[m]].
=246  1\$iFore-edge title$aRudi Novi
=264  \1$aIn urbe Lubicana :$bPer Magistrum Lucam Bra[n]dis de Schass,$cMCCCLXXV [1475]
=300  \\$a456 unnumbered leaves :$billustrations, genealogical tables, maps ;$c38 cm (folio)
=336  \\$atext$btxt$2rdacontent
=337  \\$aunmediated$bn$2rdamedia
=338  \\$avolume$bnc$2rdacarrier
=340  \\$mfolio$0http://rdaregistry.info/termList/bookFormat/1001
=500  \\$aColophon: Anno s[ecundu]m Filii Dei a Natiuitate. M.cccclxxv⁰ ... Imp[er]iali nobili in vrbe Lubicana, arte imp[re]ssoria. speciali gr[ati]a diuina a[n]i[m]aru[m] ob salute[m] fideliu[m] inuenta, Epithoma istud partes in sex, iuxta mu[n]di sex etates diuisum. pri[us] alibi n[on] rep[er]tu[m]. Q[uo]d placuit Rudime[n]tum nouicioru[m] intitulari Dei adiutorio, qui sup[er]nas res ac subternas, fortiter, suauiter, tra[n]q[ui]lleq[ue] dispe[n]sat Per m[a]g[ist]r[u]m Lucam Bra[n]dis de Schass feliciter e[st] excusu[m] at[que] finitu[m] ...
=500  \\$aImprint from colophon.
=500  \\$aText begins: "Beatus vir qui in sapiencia morabitur."
=500  \\$aTitle from colophon.
=500  \\$aSpaces left blank for initials, some with printed guide letters.
=500  \\$aWoodcuts, including geneaological tables, vignettes, and two double maps, the first representing the world, the second representing Palestine.
=650  \0$aWorld history$vEarly works to 1800.
=650  \0$aChronology, Historical$vEarly works to 1800.
=650  \7$aChronology, Historical.$2fast$0(OCoLC)fst00860207
=655  \7$aEarly works.$2fast$0(OCoLC)fst01411636
=700  1\$aBrandis, Lucas,$eprinter.
=752  \\$aGermany$dLübeck.
=909  \\$acat$bMNU$c2016-05-20$dm-mccl$eori
=926  \\$aMARS
=967  \\$ascs20170325
=968  \\$aRDA ENRICHED
=997  \\$a950030072
=998  \\$aLDR:02186nam#a2200421#i#4500
=998  \\$b008:160520s1475####gw#abj#######u001#0#lat#d

