=LDR  02162cam a2200457 i 4500
=001  9974132754801701
=005  20170706123418.0
=008  160603s1785\\\\enkb\\\\\\\\\\001\0\eng\\
=035  \\$aMB4714
=035  \\$a(OCoLC)951141920
=040  \\$aMNU$beng$erda$edcrmb$cMNU$dMNU
=043  \\$aa-ii---
=049  \\$aMNUA
=050  \0$aDS412$b.R41985b
=099  \9$a1785 fRen
=100  1\$aRennell, James,$d1742-1830$eauthor.
=245  10$aMemoir of a map of Hindoostan ;$bor, The Mogul's empire: with an examination of some positions in the former system of Indian geography; and some illustrations of the present one: and a complete index of names to the map /$cby James Rennell, F.R.S., late Major of Engineers, and Surveyor General in Bengal.
=250  \\$aThe second edition,$bwith considerable additions and corrections: and an appendix, containing an account of the Ganges and Burrampooter rivers.
=264  \1$aLondon :$bprinted by M. Brown, for the Author, and sold by W. Faden, Corner of St. Martin's Lane, Charing Cross,$cMDCCLXXXV [1785]
=300  \\$a1 preliminary leaf, xvii, 1 unnumbered page, 168 pages, 35 unnumbered pages, 4 unnumbered leaves of plates (3 folded) :$bmaps ;$c29 cm (4to)
=336  \\$atext$btxt$2rdacontent
=337  \\$aunmediated$bn$2rdamedia
=338  \\$avolume$bnc$2rdacarrier
=340  \\$m4to$0http://rdaregistry.info/termList/bookFormat/1002
=500  \\$aSignatures: a-b² C² B-Q⁴ [superscript chi] Q⁴ R-2B⁴ 2C²
=500  \\$aIndexes: last grouping of [35] pages.
=651  \0$aIndia$vMaps$y18th century.
=651  \0$aMogul Empire.
=651  \0$aIndia$xDescription and travel$y18th century.
=650  \7$aTravel$2fast$0(OCoLC)fst01155558
=651  \7$aIndia$2fast$0(OCoLC)fst01210276
=651  \7$aIndia$zMogul Empire$2fast$0(OCoLC)fst01240293
=655  \7$aMaps.$2fast$0(OCoLC)fst01423704
=700  1\$aFaden, William,$d1749-1836,$ebookseller.
=909  \\$acat$bMNU$c2016-06-03$dm-mccl$eori
=926  \\$aMARS
=967  \\$ascs20170325
=968  \\$aRDA ENRICHED
=997  \\$a951141920
=998  \\$aLDR:02052cam#a2200421#i#4500
=998  \\$b008:160603s1785####enkb##########001#0#eng##

