=LDR  02385nam a2200517 i 4500
=001  9974132787101701
=005  20170706123419.0
=008  160527s1785\\\\fr\f\\\\\\\\\\000\0\fre\d
=035  \\$aMB2043
=035  \\$a(OCoLC)950741521
=040  \\$aMNU$beng$erda$edcrmb$cMNU
=043  \\$anw-----$ae-fr---$an-us---
=049  \\$aMNUA
=050  \4$aHB161
=099  \9$a1785 Re2
=100  1\$aLemesle, Charles,$d1700?-$eauthor.
=245  10$aRéflexions d'un vieillard du pays de Médoc :$bsur l'arrêt du Conseil du 30 août derniev, qui permet l'admission des étrangers dans nos colonies.
=246  3\$aRéflexions d'un vieillard du pays de Médoc :$bsur l'arrêt du Conseil du 30 août dernier, qui permet l'admission des étrangers dans nos colonies
=264  \1$a[Paris?] :$b[Publisher not identified],$c1785.
=300  \\$a4 unnumbered pages, 52 pages, 2 folded leaves of plates ;$c24 cm (4to)
=336  \\$atext$btxt$2rdacontent
=337  \\$aunmediated$bn$2rdamedia
=338  \\$avolume$bnc$2rdacarrier
=340  \\$m4to$0http://rdaregistry.info/termList/bookFormat/1002
=500  \\$aAuthorship from Echeverria, D. French image of America, volume 1, page 595.
=500  \\$aHas been attributed to Jean Baptiste Du Buc on the authority of Sabin. Cf. Sabin 21035 note and Sabin 40001.
=500  \\$aSignatures: pi² A-F⁴ G².
=500  \\$aTitle page vignette.
=510  4\$aSowerby, E.M. Catalogue of the Library of Thomas Jefferson,$centry 2534
=510  4\$aEcheverria, D. French image of America,$centry 785/58
=500  \\$aThe plates are tables. Number 1 is captioned: Tableau du commerce de l'Amérique. Number 2 is captioned: Tableau du commerce de la pêche de la morue.
=610  10$aFrance.$bConseil d'État.$tArrêt du 30 août 1784.
=651  \0$aFrance$xCommercial policy.
=651  \0$aFrance$xColonies$xCommerce.
=651  \0$aWest Indies, French$xCommerce$zUnited States.
=651  \0$aUnited States$xCommerce$zWest Indies, French.
=650  \0$aSlave trade$zWest Indies, French.
=700  1\$aDu Buc, Jean Baptiste,$d1717-1795,$esupposed author.
=752  \\$aFrance.
=909  \\$acat$bMNU$c2016-05-27$dm-mccl$eori
=926  \\$aMARS
=967  \\$ascs20170325
=968  \\$aRDA ENRICHED
=997  \\$a950741521
=998  \\$aLDR:02329nam#a2200469#i#4500
=998  \\$b008:160527s1785####fr#f##########000#0#fre#d

