=LDR  01797cam a2200421 a 4500
=001  9974347700401701
=005  20170408051544.0
=008  910308s1786\\\\fr\\\\\\\\\\\\000\0\fre\\
=010  \\$a   91127038 
=035  \\$aMB651
=035  \\$a(OCoLC)967849762
=040  \\$aDLC$beng$ebdrb$cDLC$dOCLCG$dOCLCO$dOCLCF$dOCLCO$dOCLCQ$dMNU
=043  \\$ae-fr---
=049  \\$aMNUA
=050  00$aKJV130.L37$bE67 1780
=099  \9$a1786 fEp1
=100  1\$aEprémesnil,$cM. d'$q(Jean-Jacques),$d1745-1794.
=245  10$aLettre et mémoires adressés a M. le garde-des-sceaux par M. d'Eprémesnil :$bprécédés d'une lettre d'envoi à tous les membres du Conseil du roi & d'un avertissement, pour servir de réponse à la lettre circulaire du sieur Tolendal aux mêmes magistrats en date du 2 septembre 1786.
=260  \\$a[Paris] :$b[publisher not identified],$c[1786]
=300  \\$a23 pages, 1 unnumbered page ;$c27 cm (4to)
=336  \\$atext$btxt$2rdacontent
=337  \\$aunmediated$bn$2rdamedia
=338  \\$avolume$bnc$2rdacarrier
=340  \\$m4to$0http://rdaregistry.info/termList/bookFormat/1002
=500  \\$aImprint from NUC pre-1956.
=600  10$aLally, Thomas-Arthur,$ccomte de,$d1702-1766$vTrials, litigation, etc.
=650  \0$aTrials (Treason)$zFrance$zParis.
=600  17$aLally, Thomas-Arthur,$ccomte de,$d1702-1766.$2fast$0(OCoLC)fst00132470
=650  \7$aTrials (Treason)$2fast$0(OCoLC)fst01156419
=651  \7$aFrance$zParis$2fast$0(OCoLC)fst01205283
=655  \7$aTrials, litigation, etc.$2fast$0(OCoLC)fst01423712
=909  \\$acat$bMNU$c2016-06-15$dm-mccl
=926  \\$aMARS
=967  \\$ascs20170325
=968  \\$aRDA ENRICHED
=997  \\$a967849762
=998  \\$aLDR:01735cam#a2200385#a#4500
=998  \\$b008:910308s1786####fr############000#0#fre##

