=LDR  02613cam a2200589 a 4500
=001  9974754186801701
=005  20170408052317.0
=008  791025s1787\\\\enkabf\\\b\\\\001\0\eng\\
=010  \\$a05040239
=035  \\$aMB1711
=035  \\$a(OCoLC)5589184
=040  \\$aDLC$beng$ebdrb$cCUS$dSER$dSLM$dOCLCQ$dOCLCG$dQE2$dOCLCF$dOCLCO$dOCLCQ$dMNU
=043  \\$apo-----$ae-urs--$ae-ur---$aa-cc---
=049  \\$aMNUA
=050  00$aG680$b.C83
=099  \9$a1787 Co
=100  1\$aCoxe, William,$d1747-1828.
=245  10$aAccount of the Russian discoveries between Asia and America. :$bTo which are added, the conquest of Siberia, and the history of the transactions and commerce between Russia and China. /$cby William Coxe ...
=246  18$aCoxe's travels
=246  18$aRussian discoveries
=250  \\$aThe 3rd ed., rev. and corrected.
=260  \\$aLondon :$bPrinted by J. Nichols, for T. Cadell ...,$c1787.
=300  \\$a[2], xv, [1], iii, [1], xvii-xxviii, 454, [2] p., [5] folded leaves of plates :$bill., maps ;$c22 cm. (8vo)
=336  \\$atext$btxt$2rdacontent
=337  \\$aunmediated$bn$2rdamedia
=338  \\$avolume$bnc$2rdacarrier
=340  \\$m8vo$0http://rdaregistry.info/termList/bookFormat/1003
=500  \\$aSupplement, p. [411]-[456], has separate t.p.: A comparative view of the Russian discoveries with those made by Captains Cook and Clerke; and a sketch of what remains to be ascertained by future navigators.
=504  \\$aIncludes bibliographical references (pages xii-xiii).
=500  \\$aErrata on p. [iv] preceding p. xvii, and on p. 454.
=500  \\$aIncludes indexes.
=510  4\$aESTC$ct134276
=510  4\$aSabin$c17309
=510  4\$aStreeter Americana$c3481
=510  4\$aPilling, J.C. Bibl. Eskimo lang.,$cp. 20
=650  \0$aDiscoveries in geography$xRussian.
=651  \0$aIslands of the Pacific.
=651  \0$aSiberia (Russia)$xHistory
=651  \0$aSoviet Union$xCommerce$zChina.
=651  \0$aChina$xCommerce$zSoviet Union.
=650  \7$aCommerce$2fast$0(OCoLC)fst00869279
=650  \7$aDiscoveries in geography$xRussian.$2fast$0(OCoLC)fst01695186
=651  \7$aChina$2fast$0(OCoLC)fst01206073
=651  \7$aPacific Ocean$zIslands of the Pacific$2fast$0(OCoLC)fst01244201
=651  \7$aRussia (Federation)$zSiberia$2fast$0(OCoLC)fst01243666
=651  \7$aSoviet Union$2fast$0(OCoLC)fst01210281
=655  \7$aHistory.$2fast$0(OCoLC)fst01411628
=909  \\$acat$bMNU$c2016-07-13$dm-mccl
=967  \\$ascs20170325
=997  \\$a5589184
=998  \\$aLDR:02494cam##2200553#a#4500
=998  \\$b008:791025s1787####enkabf###b####001#0#eng##

