=LDR  01530nam a2200385 i 4500
=001  9974754281501701
=005  20170706123428.0
=008  160714s1786\\\\fr\\\\\\\\\\\\000\0\fre\d
=035  \\$aMB2636
=035  \\$a(OCoLC)953593469
=040  \\$aMNU$beng$erda$edcrmb$cMNU
=043  \\$ae-fr---
=049  \\$aMNUA
=099  \9$a1786 Es
=245  00$aEssais sur l'administration.
=264  \1$a[France?] :$b[publisher not identified],$cMDCCLXXXVI [1786].
=300  \\$a2 volumes ;$c20 cm (8vo)
=336  \\$atext$btxt$2rdacontent
=337  \\$aunmediated$bn$2rdamedia
=338  \\$avolume$bnc$2rdacarrier
=340  \\$m8vo$0http://rdaregistry.info/termList/bookFormat/1003
=500  \\$aPaging: volume 1: [4], xvii, [1], xxvi, xii, 222, 32 pages; volume 2: [4], 339 pages.
=500  \\$aPages 218-222 in volume 1 misnumbered as 181, 119-122.
=500  \\$aSignatures: volume 1: pi² [superscript pi] a⁸ chi² (-chi2) a-b⁸ c⁴ (-C4) A-N⁸ O⁸ (-O8) P-Q⁸; volume 2: pi² A-X⁸ Y²
=500  \\$aIn volume 1, O3 missigned as O2; in volume 2, B3 missigned as B2 and F3 missigned as F4.
=500  \\$aTitle page vignettes.
=500  \\$aHead- and tail-pieces.
=651  \0$aFrance$xPolitics and government.
=650  \0$aFinance, Public$zFrance$xHistory$yTo 1789
=651  \0$aFrance$xCommerce$vEarly works to 1800.
=909  \\$acat$bMNU$c2016-07-14$dm-mccl$eori
=967  \\$ascs20170325
=997  \\$a953593469
=998  \\$aLDR:01437nam##2200349#i#4500
=998  \\$b008:160714s1786####fr############000#0#fre#d

