=LDR  03400cam a2200625 i 4500
=001  9974756052401701
=005  20170408052357.0
=008  990915s1786\\\\enkbf\\\\\\b\\000\0\eng\d
=035  \\$aMB2150
=035  \\$a(OCoLC)154714334
=040  \\$aNz$beng$erda$edcrmb$cNZWTU$dOCLCG$dOCLCA$dOCLCF$dOCLCO$dOCLCA$dOCLCQ$dOCLCO$dOCLCA$dMNU
=043  \\$au-at-ne
=049  \\$aMNUA
=050  \4$aDU98.1$b.H57 1786
=082  04$a994.01$220
=099  \9$a1786 Hi
=245  03$aAn historical narrative of the discovery of New Holland and New South Wales. :$bContaining an account of the inhabitants, soil, animals, and other productions of those countries, and including a particular description of Botany Bay ;  Illustrated with a chart of New Holland, New South Wales, Botany Bay, and the new discovered islands in the North and South Pacific Ocean, from 30 deg. N. to 50 deg. south latitude, and from 90 to 225 deg. longitude, east, from the meridian of Greenwich.
=246  18$aHistorical narrative, New South Wales, Botany Bay.
=264  \1$aLondon :$bPrinted for John Fielding in Pater-Noster Row,$c[1786?]
=300  \\$a[2], 33, [1] pages, 1 folded leaf of plates :$bmap ;$c27 cm (4to)
=336  \\$atext$btxt$2rdacontent
=337  \\$aunmediated$bn$2rdamedia
=338  \\$avolume$bnc$2rdacarrier
=340  \\$m4to$0http://rdaregistry.info/termList/bookFormat/1002
=500  \\$aPrinter's device on title page.
=500  \\$aPrice from imprint: Price One Shilling and Six-Pence, (entered at Stationers Hall.).
=500  \\$aPrinter's advertisements on unnumbered page at end.
=500  \\$aSignatures: [A²] (-A2) B-I² [J²] (-J2).
=500  \\$aMap signed: Hatchett sc.
=500  \\$aOn map: Published Novr 4, 1786, by J. Fielding, Pater-Noster Row, London.
=500  \\$aMap includes outline of New Zealand. Includes references to New Zealand, p. 32.
=500  \\$aVerso of title page: Through the omission of the engraver, we are under the necessity of requesting our readers to observe, that the figures at the top and bottom of the annexed general chart, denote the longitude east from the Meridian of Greenwich.
=504  \\$aIncludes bibliographical references.
=510  4\$aEnglish short title catalogue,$cN17897.
=510  4\$aDu Rietz, R. Bib. Polynesiana,$c596?
=510  4\$aFerguson, J.A. Australia,$cno. 11
=651  \0$aNew South Wales$xDiscovery and exploration$vEarly works to 1800.
=651  \0$aNew South Wales$xDescription and travel$vEarly works to 1800.
=651  \0$aAustralia$xDiscovery and exploration$vEarly works to 1800.
=650  \7$aDiscoveries in geography$2fast$0(OCoLC)fst00894950
=650  \7$aTravel$2fast$0(OCoLC)fst01155558
=651  \7$aAustralia$2fast$0(OCoLC)fst01204543
=651  \7$aNew South Wales$2fast$0(OCoLC)fst01204788
=655  \7$aEarly works.$2fast$0(OCoLC)fst01411636
=655  \7$aExploration literature.$2rbgenr
=655  \7$aPrinters' advertisements$zEngland$zLondon$y1786.$2rbgenr
=655  \7$aPrinters' devices (Printing)$zEngland$zLondon$y18th century.$2rbpri
=700  1\$aFielding, John$c(Bookseller)
=700  1\$aHatchett, J.$q(John),$eengraver.
=752  \\$aGreat Britain$bEngland$dLondon.
=909  \\$acat$bMNU$c2016-07-27$dm-mccl
=967  \\$ascs20170325
=997  \\$a154714334
=998  \\$aLDR:03275cam##2200589#i#4500
=998  \\$b008:990915s1786####enkbf######b##000#0#eng#d

