=LDR  02414nam a2200517 i 4500
=001  9974756108201701
=005  20171020183634.0
=008  160715s1786\\\\enkabf\\\\\\\\000\0\eng\d
=035  \\$aMB4406
=035  \\$a(OCoLC)953624903
=040  \\$aMNU$beng$erda$edcrmb$cMNU
=041  1\$aeng$hswe
=043  \\$af-sa---
=049  \\$aMNUA
=050  \4$aDT826$b.S713 1786
=099  \9$a1786 fSp
=100  1\$aSparrman, Anders,$d1748-1820,$eauthor.
=240  10$aResa till Goda Hoppsudden.$lEnglish.
=245  12$aA voyage to the Cape of Good Hope :$btowards the Antarctic polar circle, and round the world : but chiefly into the country of the Hottentots and Caffres, from the year 1772 to 1776 /$cby Andrew Sparrman, M.D. ... ; translated from the Swedish original with plates.
=246  18$aSparrman's voyage
=250  \\$aThe second edition, corrected.
=264  \1$aLondon :$bPrinted for G.G.J. & J. Robinson, Pater-Noster-Row,$cMDCCLXXXVI [1786].
=300  \\$a2 volumes in 1 :$billustrations, map ;$c28 cm (4to)
=336  \\$atext$btxt$2rdacontent
=337  \\$aunmediated$bn$2rdamedia
=338  \\$avolume$bnc$2rdacarrier
=340  \\$m4to$0http://rdaregistry.info/termList/bookFormat/1002
=500  \\$aPaging: volume 1: xxviii, 368 pages, 3 leaves of plates, 1 folded map; volume 2: viii, 356, [1] pages, 7 leaves of plates.
=500  \\$aSignatures: volume 1: A⁴ a-b⁴ c² B-3A⁴; volume 2: a⁴ B-2Y⁴ 2Z⁴ (-2Z4)
=500  \\$aTranslated from the Swedish by George Forster.
=500  \\$aAppendix: Specimen of the language of the Hottentots, volume 2, pages 351-356.
=500  \\$aDirections to the book-binder, volume 2, page [357].
=651  \0$aEastern Cape (South Africa)$xDescription and travel.
=651  \0$aCape of Good Hope (South Africa)$xDescription and travel.
=650  \0$aVoyages and travels
=600  10$aCook, James,$d1728-1779
=600  17$aCook, James,$d1728-1779.$2fast$0(OCoLC)fst00028644
=650  \7$aTravel$2fast$0(OCoLC)fst01155558
=651  \7$aSouth Africa$zEastern Cape$2fast$0(OCoLC)fst01272828
=700  1\$aForster, Georg,$d1754-1794,$etranslator.
=710  2\$aG. G. J. and J. Robinson (Paternoster-Row, London, England),$ebookseller.
=909  \\$acat$bMNU$c2016-07-15$dm-mccl$eori
=967  \\$ascs20170325
=997  \\$a953624903
=998  \\$aLDR:02319nam##2200481#i#4500
=998  \\$b008:160715s1786####enkabf########000#0#eng#d

