=LDR  01518nam a2200397 i 4500
=001  9974756603601701
=005  20170706123443.0
=008  160719s1786\\\\sw\\\\\\\\\\\\001\0\swe\d
=035  \\$aMB4033
=035  \\$a(OCoLC)953734465
=040  \\$aMNU$beng$erda$edcrmb$cMNU
=049  \\$aMNUA
=050  \4$aQK368.S66$bO3 1786
=099  \9$a1786 Oe
=100  1\$aÖdmann, Samuel,$d1750-1829.
=245  10$aSammandrag af Herr Sonnerats resa till Nya Guinea, gjord åren 1771 och 1772 :$bmed företal och tilläggninger /$cutgifvet af Samuel Ödmann ...
=246  15$aSonnerats resa till Nya Guinea.
=264  \0$aUpsala :$bTryckt hos Directeuren Joh. Edman, på eget förlag,$c1786.
=300  \\$a64, [8] pages ;$c15 cm (12mo)
=336  \\$atext$btxt$2rdacontent
=337  \\$aunmediated$bn$2rdamedia
=338  \\$avolume$bnc$2rdacarrier
=340  \\$m12mo$0http://rdaregistry.info/termList/bookFormat/1004
=500  \\$aHead-piece at chapter 1.
=500  \\$aSignatures: A-C¹².
=504  \\$aBibliography: p. [66-72].
=600  10$aSonnerat, Pierre,$d1748-1814.
=650  \0$aVoyages and travels$vEarly works to 1800.
=651  \0$aPhilippines$xDescription and travel$vEarly works to 1800.
=650  \0$aNatural history$zPhilippines$vPre-Linnean works.
=700  1\$aEdman, Johan,$d-1791,$eprinter.
=909  \\$acat$bMNU$c2016-07-19$dm-mccl$eori
=967  \\$ascs20170325
=997  \\$a953734465
=998  \\$aLDR:01393nam##2200361#i#4500
=998  \\$b008:160719s1786####sw############001#0#swe#d

