=LDR  02956nam a2200529 i 4500
=001  9974756605201701
=005  20170706123444.0
=008  160718m17861788sw\abf\\\\\\\\001\0\swe\d
=035  \\$aMB2775
=035  \\$a(OCoLC)953701804
=040  \\$aMNU$beng$erda$edcrmb$cMNU
=041  1\$aswe$hger
=049  \\$aMNUA
=050  \4$aBV2848.V5$bO4218 1786
=099  \0$a1786 Ol
=100  1\$aOldendorp, C. G. A.$q(Christian Georg Andreas),$d1721-1787.
=240  10$aGeschichte der Mission der Evangelischen Brüder auf den Caraibischen Inseln S. Thomas, S. Croix und S. Jan.$lSwedish.
=245  10$aC.G.A. Oldendorps Historiska beskrifning öfwer ewangeliske brödernas missions-arbete på Caraibiske öarne St. Thomas, St. Croix och St. Jan ; öfwersättning.
=246  30$aHistoriska beskrifning öfwer ewangeliske brödernas missions-arbete på Caraibiske öarne St. Thomas, St. Croix och St. Jan.
=246  1\$iTitle in volume 2:$aHistoriska beskrifning öfwer ewangeliske brödernes missions-arbete på Caraibiske öarne St. Thomas, St. Croix och St. Jan.
=246  18$aOldendorps Westindiska miss. historia.
=246  3\$aWestindiska miss. historia.
=264  \0$3v. 1$aStockholm :$bTryckt hos Commis. P.A. Brodin,$c1786.
=264  \0$3v. 2$aStockholm :$bTryckt hos Johan Christopher Holmberg,$c1788.
=300  \\$a2 volumes :$billustrations, maps ;$c18 cm (8vo)
=336  \\$atext$btxt$2rdacontent
=337  \\$aunmediated$bn$2rdamedia
=338  \\$avolume$bnc$2rdacarrier
=340  \\$m8vo$0http://rdaregistry.info/termList/bookFormat/1003
=500  \\$aFraktur.
=500  \\$aHead- and tail-pieces; volume 2 has title page vignette.
=500  \\$aPaging: volume 1: 412 pages, [3] folded leaves of plates (maps), [1] folded table; volume 2: 634, [6] pages, [4] folded leaves of plates (2 maps).
=500  \\$aSignatures: volume 1: ):(⁴ A-2C⁸ ; volume 2: A-2R⁸.
=500  \\$aErrata for volume 2: volume 2, pages [635-636].
=500  \\$aIndex for volumes 1-2 in volume 2.
=505  1\$a1. Delen. Åtskilliga efterrättelser, hörande til öarnes geographie, natural-historia och politiska författningar. Hwarämte är bifogad en charta öfwer bemäldte och wid-gräntsande Wästindiska öar -- 2. Delen. Missions-historien ifrän år 1732 til år 1768.
=610  20$aMoravian Church$xMissions$zUnited States Virgin Islands$vEarly works to 1800.
=651  \0$aUnited States Virgin Islands$xChurch history$vEarly works to 1800.
=651  \0$aUnited States Virgin Islands$xHistory$vEarly works to 1800.
=650  \0$aNatural history$zUnited States Virgin Islands$vPre-Linnean works.
=700  1\$aBrodin, P.A.,$eprinter.
=700  1\$aHolmberg, Johan Christopher,$d1743-1810$eprinter.
=909  \\$acat$bMNU$c2016-07-18$dm-mccl$eori
=967  \\$ascs20170325
=997  \\$a953701804
=998  \\$aLDR:02819nam##2200493#i#4500
=998  \\$b008:160718m17861788sw#abf########001#0#swe#d

