=LDR  02484cam a2200565 i 4500
=001  9974756892601701
=005  20170408052534.0
=008  800327s1786\\\\enk\\\\\\\\\\\000\0\eng\d
=010  \\$aa  18001263
=035  \\$aMB5912
=035  \\$a(OCoLC)6132970
=040  \\$aHarvard Univ. Library$beng$erda$edcrmb$cUIU$dCUS$dOCL$dOCLCQ$dOCLCF$dOCLCQ$dOCLCO$dMNU
=043  \\$ae-uk---
=049  \\$aMNUA
=050  \4$aSH255$b.F35 1786
=082  04$a351.823620941$bF19o
=099  \9$a1786 Fa
=100  1\$aFall, Robert,$eauthor.
=245  10$aObservations on the report of the committee of the House of Commons appointed to enquire into the state of the British fishery /$cby Robert Fall, esq.
=246  18$aObservations on the report of the British fishery.$5MnU
=264  \1$aLondon :$bPrinted for J. Debrett opposite Burlington-House, Piccadilly,$cMDCCLXXXVI [1786].
=300  \\$a[4], 101, [2] pages ;$c22 cm (8vo)
=336  \\$atext$btxt$2rdacontent
=337  \\$aunmediated$bn$2rdamedia
=338  \\$avolume$bnc$2rdacarrier
=340  \\$m8vo$0http://rdaregistry.info/termList/bookFormat/1003
=500  \\$aSignatures: [A]² B-O⁴
=510  4\$aSabin, J. Dictionary of books relating to America from its discovery to the present time,$c23740.
=510  4\$aEnglish short title catalogue,$c071569.
=650  \0$aFisheries$zGreat Britain$vEarly works to 1800.
=650  \0$aHerring industry$zScotland$xHistory.
=650  \0$aFishery policy$zGreat Britain$xHistory.
=650  \0$aFishing boats$zScotland$xHistory.
=650  \0$aWages$xFishers$zScotland$xHistory.
=610  17$aGreat Britain.$bParliament.$bHouse of Commons.$bCommittee Appointed to Enquire into the State of the British Fisheries.$2fast$0(OCoLC)fst00664354
=650  \7$aFisheries.$2fast$0(OCoLC)fst00926051
=650  \7$aFishery policy.$2fast$0(OCoLC)fst00926264
=650  \7$aFishing boats.$2fast$0(OCoLC)fst00926699
=650  \7$aHerring industry.$2fast$0(OCoLC)fst00955683
=650  \7$aWages$xFishers.$2fast$0(OCoLC)fst01169635
=651  \7$aGreat Britain$2fast$0(OCoLC)fst01204623
=651  \7$aScotland$2fast$0(OCoLC)fst01206715
=655  \7$aEarly works.$2fast$0(OCoLC)fst01411636
=655  \7$aHistory.$2fast$0(OCoLC)fst01411628
=700  1\$aDebrett, John,$d-1822,$ebookseller.
=909  \\$acat$bMNU$c2016-07-21$dm-mccl
=967  \\$ascs20170325
=997  \\$a6132970
=998  \\$aLDR:02366cam##2200529#i#4500
=998  \\$b008:800327s1786####enk###########000#0#eng#d

