=LDR  03605cam a2200709 i 4500
=001  9974757696701701
=005  20170408052547.0
=008  900525s1786\\\\enk\\\\\sb\\\\000\0\eng\d
=010  \\$anuc87579496
=035  \\$aMB2071
=035  \\$a(OCoLC)612738746
=040  \\$aResP$beng$erda$edcrmb$cHHG$dOCLCF$dOCLCO$dOCLCQ$dOCL$dMNU
=043  \\$ae-uk-st$ae-uk---$ae-ie---
=049  \\$aMNUA
=050  14$aHB161$b.G64 no. 13161
=050  \4$aSH334$b.K56 1786
=082  04$a330$bG62
=099  \9$a1786 Kn
=100  1\$aKnox, John,$d1720-1790,$eauthor.
=245  10$aObservations on the northern fisheries :$bwith a discourse on the expediency of establishing fishing stations, or small towns, in the Highlands of Scotland, and the Hebride Islands : to which is added, the last report from the committee appointed by the House of Commons, to enquire into the state of the British fisheries /$cby John Knox, author of A view of the British Empire.
=246  17$aConsiderations on the northern fisheries
=246  18$aKnox's Observations on the northern fisheries$5MnU
=264  \1$aLondon :$bPrinted for J. Walter, Charing Cross ;$bShepperson and Reynolds, Oxford Street ;$bW. Richardson, Royal Exchange and ;$aEdinburgh :$bW. Gordon,$cMDCCLXXXVI [1786].
=300  \\$aiv, 158 pages ;$c22 cm (8vo)
=336  \\$atext$btxt$2rdacontent
=337  \\$acomputer$bc$2rdamedia
=338  \\$avolume$bnc$2rdacarrier
=340  \\$m8vo$0http://rdaregistry.info/termList/bookFormat/1003
=500  \\$aSignatures: [A]⁴ B-I⁸ K⁸ (-K7-8) L⁸ M² (-M2)
=500  \\$aPublisher's advertisements: bottom of page 158.
=510  4\$aEnglish Short Title Catalog,$cT41830
=504  \\$aIncludes bibliographical references.
=500  \\$aGoldsmiths'-Kress no. 13161.
=650  \0$aFisheries$xEconomic aspects$vEarly works to 1800.
=650  \0$aFishers$zScotland$vEarly works to 1800.
=650  \0$aNew towns$zScotland$vEarly works to 1800.
=650  \0$aFishery policy$zGreat Britain$vEarly works to 1800.
=650  \0$aFishery law and legislation$zIreland$vEarly works to 1800.
=650  \0$aFishery law and legislation$zGreat Britain$vEarly works to 1800.
=651  \0$aScotland$xEconomic conditions$vEarly works to 1800.
=650  \0$aHerring industry$zScotland$vEarly works to 1800.
=650  \7$aEconomic history$2fast$0(OCoLC)fst00901974
=650  \7$aFishers.$2fast$0(OCoLC)fst00926174
=650  \7$aFishery law and legislation.$2fast$0(OCoLC)fst00926220
=650  \7$aFishery policy.$2fast$0(OCoLC)fst00926264
=650  \7$aNew towns.$2fast$0(OCoLC)fst01036923
=651  \7$aGreat Britain$2fast$0(OCoLC)fst01204623
=651  \7$aIreland$2fast$0(OCoLC)fst01205427
=651  \7$aScotland$2fast$0(OCoLC)fst01206715
=700  12$aKnox, John,$d1720-1790.$tDiscourse on the expediency of establishing fishing stations.
=700  1\$aWalter, John,$d-1803,$ebookseller.
=700  1\$aRichardson, William,$d1735 or 1736-1811,$ebookseller.
=700  1\$aGordon, W.$q(William),$d-approximately 1794,$ebookseller.
=710  12$aGreat Britain.$bParliament.$bHouse of Commons.$bCommittee Appointed to Enquire into the State of the British Fisheries.$tThird report from the Committee Appointed to Enquire into the State of the British Fisheries.
=710  2\$aShepperson and Reynolds,$ebookseller.
=752  \\$aGreat Britain$bEngland$dLondon
=787  1\$w(DLC)a  18001446
=909  \\$acat$bMNU$c2016-07-29$dm-mccl
=967  \\$ascs20170325
=997  \\$a612738746
=998  \\$aLDR:03500cam##2200673#i#4500
=998  \\$b008:900525s1786####enk#####sb####000#0#eng#d

