=LDR  02372nam a2200553 i 4500
=001  9974766534001701
=005  20170706123454.0
=008  161006s1786\\\\fr\\\\\\\\\\\f001\0\fre\d
=035  \\$aMB2104
=035  \\$a(OCoLC)959982044
=040  \\$aMNU$beng$erda$edcrmb$cMNU
=043  \\$ae-fr---
=049  \\$aMNUA
=099  \9$a1786 Re
=110  1\$aFrance.
=245  10$aRecueil des déclarations, arrêts et réglemens, rendus sur le tabac :$bdistribués suivant les textes auxquels ils ont rapport.
=246  18$aRecueil des darret
=264  \1$a[France?] :$b[publisher not identified],$cMDCCLXXXVI [1786].
=300  \\$a158 pages ;$c23 cm (4to)
=336  \\$atext$btxt$2rdacontent
=337  \\$aunmediated$bn$2rdamedia
=338  \\$avolume$bnc$2rdacarrier
=340  \\$m4to$0http://rdaregistry.info/termList/bookFormat/1002
=500  \\$aSignatures: [A]⁴ B-T⁴ V-X²; L2 erroneously signed K2.
=500  \\$aWoodcut vignette (royal arms) on title page. Woodcut head- and tail-piece.
=500  \\$aHalf title page.
=500  \\$aInterleaved.
=500  \\$aIndex: pages 155-158.
=610  10$aFrance.$bFerme générale du tabac.
=650  \0$aTobacco$xLaw and legislation$zFrance$vEarly works to 1800.
=650  \0$aTobacco$xTaxation$zFrance$vEarly works to 1800.
=650  \0$aTobacco industry$xGovernment ownership$zFrance$vEarly works to 1800.
=650  \0$aTobacco industry$xLaw and legislation$zFrance$vEarly works to 1800.
=610  17$aFrance.$bFerme générale du tabac.$2fast$0(OCoLC)fst00666735
=650  \7$aTobacco industry$xGovernment ownership.$2fast$0(OCoLC)fst01151945
=650  \7$aTobacco industry$xLaw and legislation.$2fast$0(OCoLC)fst01151951
=650  \7$aTobacco$xLaw and legislation.$2fast$0(OCoLC)fst01151831
=650  \7$aTobacco$xTaxation.$2fast$0(OCoLC)fst01151867
=651  \7$aFrance$2fast$0(OCoLC)fst01204289
=655  \7$aEarly works.$2fast$0(OCoLC)fst01411636
=710  1\$aFrance.$bSovereign (1610-1643 : Louis XIII)
=710  1\$aFrance.$bSovereign (1643-1715 : Louis XIV)
=710  1\$aFrance.$bSovereign (1715-1774 : Louis XV)
=710  1\$aFrance.$bSovereign (1774-1792 : Louis XVI)
=909  \\$acat$bMNU$c2016-10-06$dm-mccl$eori
=967  \\$ascs20170325
=997  \\$a959982044
=998  \\$aLDR:02246nam##2200517#i#4500
=998  \\$b008:161006s1786####fr###########f001#0#fre#d

