=LDR  04461nam a2200613 i 4500
=001  9974770093201701
=005  20170706123507.0
=008  161005s1625\\\\ne\abf\\\\\\\\000\0\eng\d
=035  \\$aMB20024
=035  \\$a(OCoLC)959936876
=040  \\$aMNU$beng$erda$edcrmb$cMNU
=041  1\$aeng$adut$hdut
=043  \\$ae------
=049  \\$aMNUA
=099  \9$a1625 fBl
=100  1\$aBlaeu, Willem Janszoon,$d1571-1638$eauthor.
=240  10$aSeespiegel.$lEnglish
=245  14$aThe sea-mirrour :$bcontaining, a briefe instruction in the art of navigation, and a description of the seas and coasts of the easterne, northerne, and vvesterne navigation /$ccollected and compiled together out of the discoueries of many skilfull and expert sea-men by William Iohnson Blaeuw ; and translated out of Dutch into English by Richard Hynmers.
=264  \3$aAmsterdam :$bPrinted by VVilliam Iohnson Blaeuw, dvvelling vpon the water, by the Old Bridge, at the signe of the Golden Sunne-Dyall,$c1625.
=300  \\$a[6], 56; 174, [2]; [2], 190, [2] pages, plates 1-21, 23, 25-51, "51 1/2", 52-108 (all but one folded) :$billustrations, maps (woodcuts and engraving) ;$c37 cm (folio)
=336  \\$atext$btxt$2rdacontent
=337  \\$aunmediated$bn$2rdamedia
=338  \\$avolume$bnc$2rdacarrier
=340  \\$mfolio$0http://rdaregistry.info/termList/bookFormat/1001
=500  \\$aA translation of: Seespiegel.
=546  \\$aText in English; maps retain Dutch legends and place names.
=500  \\$aAt foot of title for The Sea-Mirrour and its parts: Cum priuilegio.
=500  \\$a"The first part of the Sea-mirrour" has separate inserted dated title page. "The second part of the Sea-mirrour" and "The second parts first booke of the Sea-mirrour" have separate dated title pages on the rectos of folded plates 1 and 2 respectively; the text of part 2 begins new pagination and register after plate 4. "The second parts second [-sixth] booke of the Sea-mirrour" each have separate dated title page on the recto of plates 10, 19, 31, 41, and 49 respectively; pagination and register are continuous. "The third part of the Sea-mirrour" has separate inserted dated title page. "The third parts first booke of the Sea-mirrour" has separate dated title page on the recto of folded plate 57; the text of part 3 begins new pagination and register after plate 58. "The third parts second [-sixth] booke of the Sea-mirrour" each have separate dated title page on the recto of plates 63, 74, 85, 94, and 103 respectively; pagination and register are continuous.
=500  \\$aVolvelles on ¹C3r, ¹E6r.
=500  \\$aSignatures: Part 1: A-E⁶ ; Part 2: a-y⁴ ; Part 3: A-2A⁴
=500  \\$aPaging errors: Part 1, pages 21 and 41 are erroneously numbered 22 and 40 respectively; Part 2, pages 134 and 172 are erroneously numbered 136 and 160 respectively; Part 3, pages 148-149 are erroneously numbered 156-157.
=500  \\$aWoodcut initials, head-pieces, and title page vignettes.
=500  \\$aScale varies; each engraved map includes three scales, Dutch, Spanish and English.
=500  \\$aPlate 3 is printed on the recto of double-leaf plate 4. "Plates" 22 and 24 are printed on the versos of letterpress leaves.
=500  \\$aFollowing each "booke" of each part appear instructions "To the Bookbinder, Place the Cardes thus..." either at the end of the text or on a final leaf.
=510  4\$aPollard, A.W. Short-title catalogue of books printed in England, Scotland, & Ireland and of English books printed abroad, 1475-1640 (2nd ed.),$c3113
=510  4\$aEnglish short title catalogue,$cS122096
=650  \0$aNavigation$vEarly works to 1800.
=650  \0$aNautical charts$zEurope$vEarly works to 1800.
=650  \0$aPilot guides$zEurope$vEarly works to 1800.
=650  \7$aNautical charts.$2fast$0(OCoLC)fst01034762
=650  \7$aNavigation$2fast$0(OCoLC)fst01035085
=650  \7$aPilot guides.$2fast$0(OCoLC)fst01064119
=651  \7$aEurope$2fast$0(OCoLC)fst01245064
=655  \7$aEarly works.$2fast$0(OCoLC)fst01411636
=700  1\$aHynmers, Richard,$etranslator.
=700  1\$aBlaeu, Willem Janszoon,$d1571-1638,$eprinter.
=700  1\$aSt. Quintin, William,$eformer owner.$5MnU
=700  1\$aHorblit, Harrison D.$eformer owner.$5MnU
=909  \\$acat$bMNU$c2016-10-05$dm-mccl$eori
=967  \\$ascs20170325
=997  \\$a959936876
=998  \\$aLDR:04348nam##2200577#i#4500
=998  \\$b008:161005s1625####ne#abf########000#0#eng#d

