=LDR  01788nam a2200481 i 4500
=001  9974770600201701
=005  20170706123514.0
=008  161007s1786\\\\stk\\\\\\\\\\\000\0\eng\d
=010  \\$a   01020733 
=035  \\$aMB4485
=035  \\$a(OCoLC)960051743
=040  \\$aMNU$beng$erda$edcrmb$cMNU
=043  \\$an-cn-ns
=049  \\$aMNUA
=050  \0$aF1037$b.H73 1786
=099  \9$a1786 Ho
=100  1\$aHollingsworth, S.,$eauthor.
=245  13$aAn account of the present state of Nova Scotia.
=246  18$aNova Scotia
=264  \3$aEdinburgh :$bPrinted for William Creech, and T. Longman, London,$cMDCCLXXXVI [1786].
=300  \\$aviii, 157, [1] pages ;$c20 cm (8vo)
=336  \\$atext$btxt$2rdacontent
=337  \\$aunmediated$bn$2rdamedia
=338  \\$avolume$bnc$2rdacarrier
=340  \\$m8vo$0http://rdaregistry.info/termList/bookFormat/1003
=500  \\$aAnonymous. By Samuel Hollingsworth.
=500  \\$aSignatures: A-U⁴
=500  \\$aWith a half-title.
=500  \\$aLast page blank.
=510  4\$aSabin, J. Dictionary of books relating to America from its discovery to the present time,$c32543
=510  4\$aEnglish short title catalogue,$cT102232
=651  \0$aNova Scotia$xDescription and travel$vEarly works to 1800.
=651  \0$aNova Scotia$xEconomic conditions$vEarly works to 1800.
=650  \7$aTravel$2fast$0(OCoLC)fst01155558
=651  \7$aCanada$2fast$0(OCoLC)fst01204310
=651  \7$aNova Scotia$2fast$0(OCoLC)fst01206030
=700  1\$aCreech, William,$d1745-1815$ebookseller.
=700  1\$aLongman, Thomas,$d1731-1797,$ebookseller.
=909  \\$acat$bMNU$c2016-10-07$dm-mccl$eori
=967  \\$ascs20170325
=997  \\$a960051743
=998  \\$aLDR:01668nam##2200445#i#4500
=998  \\$b008:161007s1786####stk###########000#0#eng#d

