=LDR  01682cam a2200433 i 4500
=001  9974770709201701
=005  20170408053935.0
=008  090505s1785\\\\fr\\\\\\\\\\\\000\0\fre\d
=035  \\$aMB2491
=035  \\$a(OCoLC)320239630
=040  \\$aCLU$beng$erda$edcrmb$cCLU$dOCLCF$dOCLCO$dOCLCQ$dMNU
=043  \\$ae-fr---$ae-uk---
=049  \\$aMNUA
=050  \4$aHB161
=099  \9$a1786 No
=110  2\$aChambre du commerce de Normandie.
=245  10$aObservations de la Chambre du Commerce de Normandie sur le traité de commerce entre la France & l'Angleterre.
=264  \3$a[Paris?] :$b[publisher not identified],$c[1785?]
=300  \\$a75, [1] pages ;$c29 cm (4to)
=336  \\$atext$btxt$2rdacontent
=337  \\$aunmediated$bn$2rdamedia
=338  \\$avolume$bnc$2rdacarrier
=340  \\$m4to$0http://rdaregistry.info/termList/bookFormat/1002
=500  \\$aAvertissement: pages 3-4.
=500  \\$aFinal page is blank.
=500  \\$aSignatures: A-I⁴ K²
=651  \0$aFrance$vCommercial treaties$vEarly works to 1800.
=651  \0$aFrance$xCommerce$zGreat Britain$vEarly works to 1800.
=651  \0$aGreat Britain$xCommerce$zFrance$vEarly works to 1800.
=610  10$aFrance$n(1774-1792 : Louis XVI).$tTraite de Navigation et de Commerce ...,$d1786.
=650  \7$aCommerce$2fast$0(OCoLC)fst00869279
=651  \7$aFrance$2fast$0(OCoLC)fst01204289
=651  \7$aGreat Britain$2fast$0(OCoLC)fst01204623
=655  \7$aCommercial treaties.$2fast$0(OCoLC)fst01423724
=909  \\$acat$bMNU$c2016-10-07$dm-mccl
=967  \\$ascs20170325
=997  \\$a320239630
=998  \\$aLDR:01597cam##2200409#i#4500
=998  \\$b008:090505s1785####fr############000#0#fre#d

