=LDR  02841nam a2200541Ii 4500
=001  9974779708801701
=005  20170706123529.0
=008  161114s1624\\\\enk\\\\\\\\\\\000\0\eng\d
=035  \\$aMB20158
=035  \\$a(OCoLC)962492338
=040  \\$aMNU$beng$erda$edcrmb$cMNU
=043  \\$ae-uk---
=049  \\$aMNUA
=099  \9$a1624 Eb
=100  1\$aEburne, Richard,$eauthor.
=245  12$aA plaine path-vvay to plantations :$bThat is, A Discourse in generall, concerning the plantation of our English people in other countries ... /$cby Richard Eburne of Hengstridge in the Countie of Somerset.
=246  3\$aPlaine path-way to plantations
=246  3\$aPlaine pathway to plantations
=246  3\$aPlain path-way to plantations
=246  3\$aPlain pathway to plantations
=264  \0$a[London?] :$bPrinted by G.P. for John Marriot,$c1624.
=300  \\$a[xviii], 120 pages ;$c19 cm (4to)
=336  \\$atext$btxt$2rdacontent
=337  \\$aunmediated$bn$2rdamedia
=338  \\$avolume$bnc$2rdacarrier
=340  \\$m4to$0http://rdaregistry.info/termList/bookFormat/1002
=500  \\$aRemainder of title:  Wherein is declared that the attempts or actions in themselves are very good and laudable, necessary also for our country of England. Doubts thereabout are answered and some meanes are shewed by which the same may, in better sort then [sic] hitherto, be prosecuted and effected. Written for the perswading and stirring up of the people of this land, chiefly the poorer and common sort to affect and effect these attempts better then [sic] yet they doe. With certaine motives for a present plantation in New-found land above the rest.  Made in the manner of a conference and divided into three parts for the more plainnesse, ease, and delight to the reader.
=500  \\$aHead- and tail-pieces and initials.
=500  \\$aSignatures: A-R⁴; N3 mis-signed M3.
=500  \\$aErrata: page [xvii], on leaf between A4 and B1.
=500  \\$aFinal leaf blank.
=651  \0$aGreat Britain$xColonies$xAdministration$vEarly works to 1800.
=650  \0$aColonization$vEarly works to 1800.
=650  17$aKolonialisme.$2gtt
=650  \7$aBritish colonies.$2fast$0(OCoLC)fst01910374
=650  \7$aColonization$2fast$0(OCoLC)fst00868483
=650  \7$aManagement$2fast$0(OCoLC)fst01007141
=653  \\$aColonies & colonization
=655  \7$aEarly works.$2fast$0(OCoLC)fst01411636
=700  1\$aMarriott, John,$dactive 1616-1657,$ebookseller.
=700  1\$aPurslowe, George,$d-1632,$eprinter.
=710  2\$aRoyal Agricultural Society of England,$eformer owner,$5MnU
=700  1\$aFayerclough, Hugh,$eformer owner,$5MnU
=909  \\$acat$bMNU$c2016-11-14$dm-mccl$eori
=967  \\$ascs20170325
=997  \\$a962492338
=998  \\$aLDR:02719nam##2200505Ii#4500
=998  \\$b008:161114s1624####enk###########000#0#eng#d

