=LDR  02711cam a2200589Ii 4500
=001  9974795600201701
=005  20170503133341.0
=008  761022s1655\\\\ne\acfd\\\\\\\001\0clat\d
=035  \\$a(OCoLC)2521898
=040  \\$aSMI$beng$erda$edcrmb$cSMI$dOCLCQ$dGZM$dSTF$dOCLCQ$dOCLCF$dSMI$dLUU$dOCLCO$dOCL$dOCLCO$dMNU
=049  \\$aMNUA
=050  14$aQB36.B8$bG3
=100  1\$aGassendi, Pierre,$d1592-1655,$eauthor.
=245  10$aTychonis Brahei, equitis Dani, astronomorum coryphæi, vita /$cauthore Petro Gassendo ... ; accessit Nicolai Copernici, Georgii Peurbachii, & Joannis Regiomontani, astronomorum celebrium, vita.
=246  30$aTychonis Brahei vita
=250  \\$aEditio secunda auctior & correctior.
=264  \0$aHagæ-Comitum :$bEx typographia Adriani Vlacq,$cMDCLV [1655].
=300  \\$a[2] leaves of plates, lx, 373, [11] pages :$billustrations, diagrams, portraits ;$c20 cm (4to)
=336  \\$atext$btxt$2rdacontent
=337  \\$aunmediated$bn$2rdamedia
=338  \\$avolume$bnc$2rdacarrier
=340  \\$m4to$0http://rdaregistry.info/termList/bookFormat/1002
=500  \\$aTitle page printed in red and black with vignette (printer's device).
=500  \\$aIncludes added title page of first Hague edition, 1654.
=500  \\$aHead-pieces and initials.
=500  \\$aPage 202 misnumbered as 212.
=500  \\$aSignatures: *-*******⁴********²A-Bbb⁴.
=500  \\$aFrontispiece portrait of Brahe, and portrait of Copernicus facing p. 289.
=500  \\$aPage 291 misnumbered 289.
=500  \\$a"De vita et morte ... Tychonis Brahei ... oratio D. Johan. Jessenii": pages 224-235.
=500  \\$aIncludes indexes.
=600  10$aBrahe, Tycho,$d1546-1601.
=600  10$aCopernicus, Nicolaus,$d1473-1543.
=600  10$aPeurbach, Georg von,$d1423-1461.
=600  10$aRegiomontanus, Joannes,$d1436-1476.
=600  17$aBrahe, Tycho,$d1546-1601$2fast$0(OCoLC)fst00014906
=600  17$aCopernicus, Nicolaus,$d1473-1543.$2fast$0(OCoLC)fst00033633
=600  17$aPeurbach, Georg von,$d1423-1461.$2fast$0(OCoLC)fst00128021
=600  17$aRegiomontanus, Joannes,$d1436-1476.$2fast$0(OCoLC)fst00066206
=650  \7$aAstronomers$2fast$0(OCoLC)fst00819629
=650  \0$aAstronomers$vBiography$vEarly works to 1800.
=655  \7$aBiography.$2fast$0(OCoLC)fst01423686
=655  \7$aEarly works.$2fast$0(OCoLC)fst01411636
=700  1\$aJessenius, Johannes,$d1566-1621,$eauthor.
=700  1\$aVlacq, Adriaan,$d1600-1667,$eprinter.
=752  \\$aNetherlands$dHague.
=909  \\$acat$bMNU$c2016-11-22$dm-mccl
=913  \\$avb16
=967  \\$ascs20170325
=997  \\$a2521898
=998  \\$aLDR:02597cam##2200553Ii#4500
=998  \\$b008:761022s1655####ne#acfd#######001#0clat#d

