=LDR  01976cam a2200505Ka 4500
=001  9975272999701701
=005  20170921163358.0
=008  050810s1564\\\\it\\\\\\\\\\\\000\0\lat\d
=029  1\$aDEBBG$bBV008343543
=035  \\$aMB20106
=035  \\$a(OCoLC)61239744
=040  \\$aIBV$beng$edcrmb$cIBV$dDEBBG$dOCLCF$dUIU$dOCLCQ$dOCL$dMNU
=043  \\$ae-it---
=049  \\$aMNUA
=050  \4$aZ233.I8
=100  1\$aGiannotti, Donato,$d1492-1573.
=245  10$aLibro de la republica de vinitiani /$ccomposto per Donato Giannoti.
=246  3\$aLibro de la repvblica de vinitiani
=260  \\$a[Venice? :$bs.n.,$c1564?]
=300  \\$a103, [1] leaves ;$c16 cm (8vo)
=336  \\$atext$btxt$2rdacontent
=337  \\$aunmediated$bn$2rdamedia
=338  \\$avolume$bnc$2rdacarrier
=340  \\$m8vo$0http://rdaregistry.info/termList/bookFormat/1003
=500  \\$aImprint from EDIT 16.
=500  \\$aSignatures: A-N⁸ (N8 blank).
=500  \\$aHead- and tail-pieces (on t.p.); initials.
=500  \\$aPrinted in italic type.
=500  \\$aLast leaf blank.
=510  4\$aEDIT 16 (online)$cCNCE 20933
=501  \\$aWith this are bound: La republica e i Magistrati di Vinegia; Historia de Nicolo Machiavellil, cittadino ... ; and Il Principe de Nicolo Machiavelli, al magnifico Lorenzo de Piero de Medici.$5MnU
=651  \0$aVenice (Italy)$xPolitics and government$vEarly works to 1800.
=650  07$aGeschichte$0(DE-588)4020517-4$2gnd
=651  \7$aVenedig$0(DE-588)4062501-1$2gnd
=650  \7$aPolitics and government.$2fast$0(OCoLC)fst01919741
=651  \7$aItaly$zVenice$2fast$0(OCoLC)fst01204473
=655  \0$aDialogues, Italian.
=655  \7$aDialogues$zItaly$y16th century.$2rbgenr
=655  \7$aEarly works.$2fast$0(OCoLC)fst01411636
=752  \\$aItaly$dVenice.
=909  \\$acat$bMNU$c2017-06-13$dm-mccl
=913  \\$avb16
=997  \\$a61239744
=998  \\$aLDR:01833cam##2200457Ka#4500
=998  \\$b008:050810s1564####it############000#0#lat#d

