=LDR  02180cam a2200505Ia 4500
=001  9975290691001701
=005  20170921163423.0
=008  960614m17951796fr\af\\\\\\\\\000\0\fre\d
=035  \\$aMB5888
=035  \\$a(OCoLC)34928001
=040  \\$aNYP$beng$edcrmb$cNYP$dOCLCG$dOCLCQ$dOCLCO$dJPG$dOCLCO$dOCLCQ$dMNU
=041  1\$afre$hund
=043  \\$aa-cc-ti
=049  \\$aMNUA
=100  1\$aAndrade, António de,$d1580-1634.
=245  10$aVoyages au Thibet, faits en 1625 et 1626, par le père d'Andrada :$bet en 1774, 1784 et 1785, par Bogle, Turner et Pourunguir /$ctraduits par J.P. Parraud et J.B. Billecoq.
=260  \\$aParis :$bDe l'imprimerie Hautbout l'ainé,$can IV [1795 or 1796]
=300  \\$axij, 204 p., 2 leaves of plates :$billustrations (engravings) ;$c14 cm (18mo)
=336  \\$atext$btxt$2rdacontent
=337  \\$aunmediated$bn$2rdamedia
=338  \\$avolume$bnc$2rdacarrier
=340  \\$m18mo$0http://rdaregistry.info/termList/bookFormat/1010
=500  \\$aSignatures: pi⁶ A-R⁶.
=500  \\$aTitle vignette.
=500  \\$aSome parts have special title pages.
=651  \0$aTibet Autonomous Region (China)$xDescription and travel.
=600  00$aPourunguir$xTravel$zChina$zTibet Autonomous Region.
=600  10$aAndrade, Antonio de,$d1580-1634$xTravel$zChina$zTibet Autonomous Region.
=600  10$aBogle, George,$d1746-1781$xTravel$zChina$zTibet Autonomous Region.
=600  00$aPourunguir$xTravel$zChina$zTibet Autonomous Region.
=600  10$aTurner, Samuel,$d1759-1802$xTravel$zChina$zTibet Autonomous Region.
=651  \4$aTibet$yDescription, etc., 1625-26.
=651  \4$aTibet$yDescription, etc., 1774-85.
=655  \7$aEngravings$zFrance$y18th century.$2aat
=700  1\$aBogle, George,$d1746-1781.
=700  1\$aTurner, Samuel,$d1759-1802
=700  0\$aPourunguir.
=700  1\$aBillecocq, J. B. L. J.$q(Jean Baptiste Louis Joseph),$d1765-1829,$etranslator.
=700  1\$aParraud, J. P.,$etranslator.
=752  \\$aFrance$dParis.
=909  \\$acat$bMNU$c2017-07-06$dm-mccl
=913  \\$avb16
=997  \\$a34928001
=998  \\$aLDR:02057cam##2200469Ia#4500
=998  \\$b008:960614m17951796fr#af#########000#0#fre#d

