=LDR  03181cam a2200613Ma 4500
=001  9975290695301701
=005  20170921163432.0
=008  940615s1537\\\\it\\\\\\\\\\\\000\0\ita\d
=035  \\$aMB20109
=035  \\$a(OCoLC)31081305
=040  \\$aRBN$beng$cRBN$dOCL$dOCLCQ$dOCLCG$dOCLCQ$dOCLCF$dOCLCO$dOCLCQ$dOCL$dMNU
=043  \\$ae-it---$ae-fr---$ae-gx---
=049  \\$aMNUA
=050  \4$aJC143
=100  1\$aMachiavelli, Niccolò,$d1469-1527
=240  10$aPrincipe
=245  13$aIl principe di Nicolo Machiavelli :$bal magnifico Lorenzo di Piero de Medici. ; La vita di Castruccio Castracani da Lucca, a Zanobi Buondel monti, & a Luigi Alamani, composta per il medesimo. ; Il modo che tenne il duca Valentino per ammazzare Vitellozzo, Oliuerotto da Fermo, il. S. Pagolo, & il duca di Grauina, descritta per il medesimo. ; I ritratti delle cose della Francia, & della Alamagna, per il medesimo, nuouamente aggiunti.
=260  \\$aIn Vinegia. :$b[B. Zanetti?],$cM D XXXVII. [1537]
=300  \\$a84 leaves ;$c16 cm (8vo)
=336  \\$atext$btxt$2rdacontent
=337  \\$aunmediated$bn$2rdamedia
=338  \\$avolume$bnc$2rdacarrier
=340  \\$m8vo$0http://rdaregistry.info/termList/bookFormat/1003
=500  \\$aFor Zanetti as probable publisher see Gerber.
=500  \\$aIn title, as Gerber notes, the "a" in "composta" is damaged and could be misread as "e."
=510  4\$aBertelli & Innocenti. Bib. machiavelliana,$cXVI. 37
=510  4\$aGerber, A. Machiavelli,$cII, p. 32, no. 5
=500  \\$aSignatures: A-K⁸ L⁴. Confirmed by register, leaf 84.
=500  \\$aErrors in foliation: 57 and 59 transposed; 61 and 63 transposed.
=501  \\$aBound with: Libro de la republica de vinitiani; La republica e i Magistrati di Vinegia; and, Historia de Nicolo Machiavellil, cittadino ...$5MnU
=650  \0$aPolitical science$vEarly works to 1800.
=650  \0$aPolitical ethics.
=600  10$aCastracani, Castruccio,$d1281-1328.
=600  10$aBorgia, Cesare,$d1476?-1507.
=651  \0$aFrance$xPolitics and government$y1328-1589.
=651  \0$aGermany$xPolitics and government$y1273-1517.
=600  17$aBorgia, Cesare,$d1476?-1507$2fast$0(OCoLC)fst00014474
=600  17$aCastracani, Castruccio,$d1281-1328$2fast$0(OCoLC)fst00091358
=650  \7$aPolitics and government.$2fast$0(OCoLC)fst01919741
=650  \7$aPolitical ethics$2fast$0(OCoLC)fst01069286
=650  \7$aPolitical science$2fast$0(OCoLC)fst01069781
=651  \7$aFrance$2fast$0(OCoLC)fst01204289
=651  \7$aGermany$2fast$0(OCoLC)fst01210272
=648  \7$a1273-1589$2fast
=655  \7$aEarly works.$2fast$0(OCoLC)fst01411636
=700  12$aMachiavelli, Niccolò,$d1469-1527.$tVita di Castruccio Castracani.
=700  12$aMachiavelli, Niccolò,$d1469-1527.$tDescrizione del modo tenuto dal duca Valentino.
=700  12$aMachiavelli, Niccolò,$d1469-1527.$tRitratti delle cose della Francia.
=700  12$aMachiavelli, Niccolò,$d1469-1527.$tRitratti delle cose della Alamagna.
=909  \\$acat$bMNU$c2017-07-06$dm-mccl
=913  \\$avb16
=997  \\$a31081305
=998  \\$aLDR:03037cam##2200565Ma#4500
=998  \\$b008:940615s1537####it############000#0#ita#d

