=LDR  02662cam a2200469Ia 4500
=001  9975290804001701
=005  20170921163424.0
=008  940301s1796\\\\fr\af\\\\\\\\\000\0\fre\d
=035  \\$aMB6510
=035  \\$a(OCoLC)1003587403
=040  \\$aIUL$beng$cIUL$dOCL$dOCLCQ$dOCLCG$dOCLCQ$dOCLCO$dOCLCF$dIUL$dMNU
=041  0\$afre$heng
=043  \\$af-sl---
=049  \\$aMNUA
=090  \\$aDT516.4$b.M414
=100  1\$aMatthews, John,$clieutenant in the Royal Navy.
=240  10$aVoyage to the river Sierra-Leone.$lFrench
=245  10$aVoyage a la rivière de Sierra Leone sur la côte d'Afrique :$bcontenant une relation du commerce, des productions, des coutumes tant civiles que religieuses, et des mœurs des habitans /$cpar Jonh [sic] Matthews ..., ecrit durant son séjour dans cette contrée, pendant 1785, 1786 et 1787, avec une lettre sur la Traite des négres ; traduit de l'anglais par Bellart.
=246  3\$aVoyage a la côte d'Afrique
=260  \\$aA Paris :$bDe l'imprimerie de Hautbout l'ainé,$cl'an v [1796]
=300  \\$a[4], 183, [1] pages, [1] leaf of plates :$billustration ;$c15 cm (18mo chiefly in 6s)
=336  \\$atext$btxt$2rdacontent
=337  \\$aunmediated$bn$2rdamedia
=338  \\$avolume$bnc$2rdacarrier
=340  \\$m18mo$0http://rdaregistry.info/termList/bookFormat/1010
=500  \\$aEarliest English ed. cited in BM 155:655 is: Voyage to the river Sierra-Leone, 1788.
=500  \\$aHalf-title: Voyage a la côte d'Afrique.
=500  \\$aSignatures: A⁸ B-O⁶ P⁶ (p6+chi1,chi2).
=500  \\$aSignature A has two conjugate pairs of leaves signed "A.A2, A3. unsigned" inserted (but not quired one within the other)--after the actual unsigned leaf [A2] to create an eight leaf gathering.
=510  4\$aMonglond, A. La France révolutionnaire et impériale,$cIII, 754
=505  0\$aVoyage a la rivière de Sierra-Leone -- Note de traducteur sur la traite des négres -- Notice historique sur la nouvelle colonie de Sierra-Léone / par le citoyen Grégoire -- Extrait d'une lettre particulière sur la nouvelle colonie de Sierra-Leone et sur les manoeuvres des marchands d'esclaves pour détruire l'etablissement.
=651  \0$aSierra Leone.
=650  \0$aSlave trade$zSierra Leone.
=650  \7$aSlave trade.$2fast$0(OCoLC)fst01120405
=651  \7$aSierra Leone$2fast$0(OCoLC)fst01210248
=700  1\$aBellart, N.-F.$q(Nicolas-François),$d1761-1826.
=700  1\$aGrégoire, Henri,$d1750-1831.
=909  \\$acat$bMNU$c2017-07-06$dm-mccl
=913  \\$avb16
=997  \\$a1003587403
=998  \\$aLDR:02531cam##2200433Ia#4500
=998  \\$b008:940301s1796####fr#af#########000#0#fre#d

