=LDR  03256cam a2200601Ma 4500
=001  9975290808101701
=005  20170921163433.0
=008  991230s1541\\\\it\\\\\\\\\\\\000\0\ita\d
=035  \\$aMB20108
=035  \\$a(OCoLC)930685488
=040  \\$aEUM$beng$cEUM$dOCLCO$dOCLCF$dOCLCQ$dOCL$dMNU
=043  \\$ae-it---
=049  \\$aMNUA
=050  \4$aZ233.A43
=100  1\$aMachiavelli, Niccolò,$d1469-1527
=245  10$aHistorie di Nicolo Machiavelli, cittadino, et secretario fiorentino :$balla santita di N.S. Clemente Settimo Pont. Mass. Corrette & emendate di nuouo, & poste in luce.
=260  \\$aIn Venetia. :$bComin de Trino de Monferrato,$c1541.
=300  \\$a243, [1] leaves ;$c16 cm (8vo)
=336  \\$atext$btxt$2rdacontent
=337  \\$aunmediated$bn$2rdamedia
=338  \\$avolume$bnc$2rdacarrier
=340  \\$m8vo$0http://rdaregistry.info/termList/bookFormat/1003
=500  \\$aSignatures: A-Z⁸, AA-FF⁸, GG¹². Sig. GG12 is a blank.
=500  \\$aColophon reads: In Vinegia. Per Comin de Trino de Monferrato. Ne gli anni della Natiuita di Messer Giesu Christo. M.D. XLI. del Mese di Zenaio.
=500  \\$aPrinter and date of imprint from colophon.
=500  \\$aFirst gathering only, probably printed at the Aldine press; the historiated initials and typeface not in use by the press before 1550s; see Ahmanson-Murphy.
=500  \\$aA reissue of the Comin di Trino edition of 1540, with the first gathering replaced and decorated intials instead of capital spaces with guideletters; see Bibliografia Machiavelliana.
=500  \\$aRenouard says this can be described as a partial counterfeit.
=500  \\$aPrinted in italic type.
=500  \\$aAldine printer's device (Ahmanson-Murphy ref. A15, without Aldvs) on title page; signature catchwords; historiated and decorated initials.
=510  4\$aAhmanson-Murphy (2001),$c438.6
=510  4\$aRenouard, A.A., Annales de l'imprimerie des Alde (3rd edition, 1834),$c120:5 (note)
=510  4\$aAdams, H.M. Catalogue of books printed on the continent of Europe, 1501-1600, in Cambridge libraries,$cM26
=510  4\$aEDIT 16,$cCNCE 24513
=510  4\$aBertelli & Innocenti, Bibliografia Machiavelliana, secolo XVI,$c112
=501  \\$aBound with: Libro de la republica de vinitiani; La republica, e i magistrati de vinegia; and Il principe di Nicolo Machiavelli, al magnifico Lorenzo di Piero de Medici.$5MnU
=651  \0$aFlorence (Italy)$xHistory$vEarly works to 1800.
=651  \0$aItaly$xPolitics and government$y1268-1559.
=650  \7$aPolitics and government.$2fast$0(OCoLC)fst01919741
=651  \7$aItaly$2fast$0(OCoLC)fst01204565
=651  \7$aItaly$zFlorence$2fast$0(OCoLC)fst01204699
=648  \7$a1268-1559$2fast
=655  \7$aEarly works.$2fast$0(OCoLC)fst01411636
=655  \7$aHistory.$2fast$0(OCoLC)fst01411628
=700  0\$aClement$bVII,$cPope,$d1478-1534,$ededicatee.
=700  1\$aComin da Trino,$dactive 1539-1574$eprinter.
=700  1\$aSpencer, George John Spencer,$cEarl,$d1758-1834,$eformer owner.$5UkMaJRU
=752  \\$aItaly$dVenice.
=909  \\$acat$bMNU$c2017-07-05$dm-mccl
=913  \\$avb16
=997  \\$a930685488
=998  \\$aLDR:03138cam##2200553Ma#4500
=998  \\$b008:991230s1541####it############000#0#ita#d

