=LDR  03345aam a2200589Ii 4500
=001  9975296707601701
=005  20181025143022.0
=008  920122s1552\\\\sp\\\\\\\\\\\\000\0\spa\d
=010  \\$a   01020183 
=035  \\$aMBTR201603
=035  \\$a(OCoLC)84152480
=040  \\$aYUS$erda$edcrmb$beng$cYUS$dOCLCQ$dOCLCF$dOCLCO$dOCL$dMNU
=043  \\$ae-sp---$acl-----
=049  \\$aMNUA
=050  \\$aF1411$b.C32
=100  1\$aCasas, Bartolomé de las,$d1484-1566.
=240  10$aOctavo remedio
=245  10$aEntre los remedios q[ue] do[n] fray Bartolome de las Casas: obispo d[e] la ciudad real de Chiapa :$brefirio por mandado del Emperador rey n[uest]ro senor: enlos ayuntamie[n]tos q[ue] ma[n]do hazer su magestad de perlados [sic] y letrados y personas gra[n]des en Valladolid el año de mill [y] quinie[n]tos y quare[n]ta y dos: para reformacio[n] de las Indias, el octauo en orde[n] es el siguie[n]te. ...
=246  3\$aEntre los remedios que don fray Bartolome de las Casas: obispo de la ciudad real de Chiapa
=264  \0$aFue impressa la presente obra en la muy noble y opulentissima y muy leal ciudad de Seuilla :$bEn las casas de Iacome Cro[m]berger,$c17 Aug. 1552
=300  \\$a106 unnumbered pages ;$c21 cm (4to)
=336  \\$atext$btxt$2rdacontent
=337  \\$aunmediated$bn$2rdamedia
=338  \\$avolume$bnc$2rdacarrier
=340  \\$m4to$0http://rdaregistry.info/termList/bookFormat/1002
=500  \\$aRemainder of title page transcription: Do[n]de se asigna[n] veynte razones: por las q[ua]les prueua no deuerse dar los indios alos Españales [sic] en encomie[n]da: ni en feudo: ni en vassallaje: ni d[e] otra manera algu[n]a. Si su magestad como dessea quiere librarlos de la tyrania y perdicio[n] q[ue] padece[n] como dela boca delos dragones: y q[ue] totalme[n]te no los co[n]suma[n] y mate[n] y q[ue]de vazio todo aq[ue]l orbe d[e] sus ta[n] infinitos naturales habitadores como estaua y lo vimos poblado.
=500  \\$aImprint from colophon; date reads: Acabose a diez [y] siete dias del mes de agosto, año de mill [y] quinientos [y] cinquenta y dos años.
=500  \\$aSignatures: a-f⁸ g⁶ (-g6).
=500  \\$aTitle printed in red and black; woodcut border; woodcut initials.
=500  \\$aFraktur.
=510  4\$aMedina, J.T. Bib. hispano-americana,$cI 146
=510  4\$aJCB Lib. cat., pre-1675,$cI, p. 169-170
=510  4\$aAlden, J.E. European Americana,$c552/9
=510  4\$aHanke & Giménez Fernández$c369
=510  4\$aPalau y Dulcet (2nd ed.)$c46942
=650  \0$aIndians, Treatment of$zLatin America.
=650  \0$aSlavery$zLatin America.
=650  \0$aEncomiendas (Latin America)
=651  \0$aSpain$xColonies$zAmerica.
=650  \7$aEncomiendas (Latin America)$2fast$0(OCoLC)fst00909516
=650  \7$aIndians, Treatment of.$2fast$0(OCoLC)fst00970120
=650  \7$aSlavery.$2fast$0(OCoLC)fst01120426
=650  \7$aSpanish colonies.$2fast$0(OCoLC)fst01930866
=651  \7$aAmerica$2fast$0(OCoLC)fst01239786
=651  \7$aLatin America$2fast$0(OCoLC)fst01245945
=655  \7$aBinders' stamps (Binding)$xF. Bedford.$2local$5cty-br
=700  1\$aCromberger, Jacob,$eprinter.
=909  \\$acat$bMNU$c2017-07-11$dm-mccl
=913  \\$avb16
=997  \\$a84152480
=998  \\$aLDR:03231aam##2200553Ii#4500
=998  \\$b008:920122s1552####sp############000#0#spa#d

