=LDR  05004nam a2200733Ii 4500
=001  9975296709501701
=005  20180131125008.0
=008  170711s1552\\\\sp\\\\\\\\\\\\000\0\spa\d
=035  \\$aMBTR201206
=035  \\$a(OCoLC)993440276
=040  \\$aMNU$beng$erda$edcrmb$cMNU
=049  \\$aMNUA
=050  \4$aF1411
=100  1\$aCasas, Bartolomé de las,$d1484-1566,$eauthor.
=240  10$aAqui se contiene una disputa
=245  10$aAqui se contiene vna disputa, o controuersia: entre el obispo do[n] Fray Bartholome de las Casas, o Casaus, obispo q[ue] fue dela ciudad real de Chiapa, que es enlas Indias, parte de la nueua España: y el doctor Gines de Sepulueda coronista del emperador nuestro señor :$bsobre q[ue] el doctor contendia: que las conquistas de las Indias contra los Indios eran licitas: y el obispo por el contrario defendio y affirmo auer sido y ser impossible no serlo: tyranicas, injustas & iniquas. La qual question se ventilo & disputo en prese[n]cia de muchos letrados theologos & juristas en vna congregacion que ma[n]do Su Magestad juntar el año de mil y quinie[n]tos y cincue[n]ta en la villa de Vallad. Año. 1552.
=246  3\$aAqui se contiene una disputa
=264  \0$aFue impressa la prese[n]te obra enla muy noble & muy leal ciudad de Seuilla :$bEn casa de Sebastia[n] Trugillo impressor de libros. Fro[n]tero de Nuestra Señora de Gracia,$cacabosse a.x. dias del mes de setiembre. Año de mil & quinie[n]tos & cincue[n]ta y dos [1552]
=300  \\$a[122] pages ;$c19 cm (4to)
=336  \\$atext$btxt$2rdacontent
=337  \\$aunmediated$bn$2rdamedia
=338  \\$avolume$bnc$2rdacarrier
=340  \\$m4to$0http://rdaregistry.info/termList/bookFormat/1002
=500  \\$aImprint from colophon.
=500  \\$aFraktur.
=500  \\$aTitle page in alternating lines of red and black surrounded by woodcut border illustration.
=500  \\$a"This tract contains a strong enunciation of Las Casas' convictions, which grew out of his controversy with Sepulveda. It contains, first, a summary by Domingo de Soto, of the differences between the two disputants; second, the arguments of Sepulveda; and the third, the twelve replies of Las Casas to the same." -- Church 91.
=500  \\$aThe "Aquí se contiene una disputa" together with the other seven treatises by Las Casas printed in Seville between 1552 and 1553, eight if the "Lo que se sigue ..." is considered as a separate as it sometimes is, were issued as separates and upon completion of printing, apparently also as a set. They are not always found bound together in the same order nor necessarily in the order in which they were printed, however. Cf. Church, E.D. Discovery, 87-96
=500  \\$aIn this edition the last line of the tittle page reads solely 1552. Contractions in title differ from those in, e.g., John Carter Brown copy.
=500  \\$aSignatures: a-g⁸ h⁶ (-h6).
=510  4\$aBibliotheca Americana: catalogue of the John Carter Brown Library in Brown University, Providence, Rhode Island, pre-1675,$cvol. 1, p. 168
=510  4\$aChurch, E.D. Catalogue of books relating to the discovery and early history of North and South America,$centry 91
=510  4\$aEuropean Americana,$c552/13
=510  4\$aMedina, J.T. Biblioteca hispano-americana (1493-1810),$centry 147
=510  4\$aPalau y Dulcet, A. Manual del librero hispano-americano (2. ed.),$centry 46943 note
=510  4\$aStreit, R. Bibliotheca missionum,$cvol. 1, entry 62
=600  10$aSepúlveda, Juan Ginés de,$d1490-1573.
=650  \0$aIndians, Treatment of$zLatin America$vEarly works to 1800.
=650  \0$aSlavery$zLatin America$vEarly works to 1800.
=650  \0$aIndians$xMissions$zLatin America$xHistory$vEarly works to 1800.
=651  \0$aSpain$xColonies$zAmerica$vEarly works to 1800.
=651  \0$aMexico$xHistory$yConquest, 1519-1540.
=600  17$aSepúlveda, Juan Ginés de,$d1490-1573.$2fast$0(OCoLC)fst00002836
=611  27$aConquest of Mexico (1519-1540)$2fast$0(OCoLC)fst01352532
=650  \7$aIndians$xMissions.$2fast$0(OCoLC)fst00969384
=650  \7$aIndians, Treatment of.$2fast$0(OCoLC)fst00970120
=650  \7$aSlavery.$2fast$0(OCoLC)fst01120426
=650  \7$aSpanish colonies.$2fast$0(OCoLC)fst01930866
=651  \7$aAmerica$2fast$0(OCoLC)fst01239786
=651  \7$aLatin America$2fast$0(OCoLC)fst01245945
=651  \7$aMexico$2fast$0(OCoLC)fst01211700
=648  \7$a1519-1540$2fast
=655  \7$aEarly works.$2fast$0(OCoLC)fst01411636
=655  \7$aHistory.$2fast$0(OCoLC)fst01411628
=700  1\$aSepúlveda, Juan Ginés de,$d1490-1573.
=700  1\$aSoto, Domingo de,$d1494-1560.
=700  1\$aTrujillo, Sebastián,$dactive 1540-1567,$eprinter.
=700  1\$aMacDonald, Annie S.,$d1849-1924$ebinder.$5MnU
=752  \\$aSpain$dSeville.
=909  \\$acat$bMNU$c2017-07-11$dm-mccl$eori
=913  \\$avb16
=997  \\$a993440276
=998  \\$aLDR:04852nam##2200685Ii#4500
=998  \\$b008:170711s1552####sp############000#0#spa#d

