=LDR  02203cam a2200505Ii 4500
=001  9975296803701701
=005  20170921163443.0
=008  940914m18111812sw\\\\\\\\\\\\000\0\swe\d
=035  \\$aMB6479
=035  \\$a(OCoLC)31111239
=040  \\$aUAF$beng$erda$edcrmb$cUAF$dOCLCG$dOCLCQ$dOCLCF$dOCLCQ$dOCLCO$dMNU
=041  1\$aswe$hrus
=049  \\$aMNUA
=050  \4$aG420$b.K9 1811
=100  1\$aKruzenshtern, Ivan Fedorovich,$d1770-1846
=240  10$aPuteshestvie vokrug sveta.$lSwedish
=245  10$aResa omkring jorden, förrättad üren 1803, 1804, 1805 och 1806 på hans Mai:ts keisarens af Ryssland befallning /$cunder Kapitenen mid Keiserliga Marinen A.J. von Krusensterns.
=264  \1$aÖrebro :$bTryckt hos Nils Magnus Lindh,$c1811-1812.
=300  \\$a3 volumes in 1 ;$c15 cm (12mo)
=336  \\$atext$btxt$2rdacontent
=337  \\$aunmediated$bn$2rdamedia
=338  \\$avolume$bnc$2rdacarrier
=340  \\$m12mo$0http://rdaregistry.info/termList/bookFormat/1004
=500  \\$aTranslation of: Puteshestvie vokrug sveta v 1803, 1804, 1805 i 1806 godakh na korabliakh "Nadezhde" i "Neve."
=500  \\$aVolume 3 has imprint: Jönköping : Tryckt hos Joh. Pehr Lundström.
=500  \\$aFraktur.
=500  \\$aEach volume has separate register.
=500  \\$aSignatures: volume 1:  A-L¹²; volume 2: A-K¹²; volume 3: A-I¹².
=500  \\$aIn volume 1, C4 is missigned B4 and F7 is missigned D7.
=500  \\$aPagination: volume 1: 260 pages, [2] leaves; volume 2: 240 pages; volume 3: 216 pages.
=500  \\$aUnnumbered leaves in volume 1 are blank.
=500  \\$aHead- and tail-pieces.
=650  \0$aVoyages around the world.
=610  20$aNadezhda (Ship)
=610  20$aNeva (Ship)
=610  27$aNadezhda (Ship)$2fast$0(OCoLC)fst00610364
=610  27$aNeva (Ship)$2fast$0(OCoLC)fst00610365
=650  \7$aVoyages around the world.$2fast$0(OCoLC)fst01169326
=700  1\$aLindh, Nils Magnus,$d1775-1835,$epublisher.
=700  1\$aLundström, Joh. Pehr,$epublisher.
=909  \\$acat$bMNU$c2017-07-13$dm-mccl
=913  \\$avb16
=997  \\$a31111239
=998  \\$aLDR:02079cam##2200469Ii#4500
=998  \\$b008:940914m18111812sw############000#0#swe#d

