=LDR  01922cam a2200421Ii 4500
=001  9975302006001701
=005  20170921163458.0
=008  871109s1671\\\\enk\\\\\\\\\\\000\0\eng\d
=035  \\$aMB20059
=035  \\$a(OCoLC)228731444
=040  \\$aCu-RivES$beng$erda$edcrmb$cHUV$dOCLCG$dOCLCF$dOCLCO$dOCLCQ$dMNU
=043  \\$aaw-----
=049  \\$aMNUA
=050  \4$aDR424
=100  1\$aBlount, Henry,$cSir,$d1602-1682,$eauthor.
=245  12$aA voyage into the Levant:$bbeing a brief relation of a journey lately performed from England by the way of Venice, into Dalmatia, Sclavonia, Bosna, Hungary, Macedonia, Thessaly, Thrace, Rhodes, and Aegypt, unto Gran-Cairo. With particular observations concerning the modern condition of the Turks, and other people under that empire. By Sir Henry Blunt, Knight.
=250  \\$aThe eighth edition.
=264  \1$aLondon :$bprinted by J.C. for William Crook, at the Green Dragon, without Temple-Barr,$c1671.
=300  \\$a165, [3] p. ;$c15 cm (12mo)
=336  \\$atext$btxt$2rdacontent
=337  \\$aunmediated$bn$2rdamedia
=338  \\$avolume$bnc$2rdacarrier
=340  \\$m12mo$0http://rdaregistry.info/termList/bookFormat/1004
=500  \\$aAdvertisements: 3 unnumbered pages at end.
=500  \\$aThe words "Dalmatia, . Hungary," and "Macedonia, . Rhodes," are bracketed together on title page.
=500  \\$aSignatures: A-G¹²
=510  4\$aWing (2nd ed., 1994),$cB3319
=510  4\$aESTC (RLIN),$cR037428
=651  \0$aMiddle East$xDescription and travel$vEarly works to 1800.
=650  \7$aTravel$2fast$0(OCoLC)fst01155558
=651  \7$aMiddle East$2fast$0(OCoLC)fst01241586
=655  \7$aEarly works.$2fast$0(OCoLC)fst01411636
=700  1\$aCrooke, William$ebookseller.
=909  \\$acat$bMNU$c2017-07-18$dm-mccl
=913  \\$avb16
=997  \\$a228731444
=998  \\$aLDR:01773cam##2200373Ii#4500
=998  \\$b008:871109s1671####enk###########000#0#eng#d

