=LDR  02683nam a2200409Ii 4500
=001  9975302009901701
=005  20170921163503.0
=008  170717s1662\\\\ne\\\\\\\\\\\\000\0\dut\d
=035  \\$aMB20132
=035  \\$a(OCoLC)993941234
=040  \\$aMNU$beng$erda$edcrmb$cMNU
=049  \\$aMNUA
=245  03$a't Boeck der zee-rechten :$binhoudende : dat hoochste ende oudste Godtlantsche water-recht, dat de gemeene cooplieden ende Schippers geordineert ende ghemaeckt hebben tot Wisbuy. De zee-rechten gemaeckt by Keyser Carel, als mede die gemaeckt zijn ten tijde van Koninck Philippus de derde, mede inhoudende seeckere ordonnantie op 't stuck van de asseurantien, bodemerije ende toerustinge van schepen. Mitsgaders de schips-rechten gemaeckt by de oude Hanze-steden. Noch zijn hier by-gevoegt de willekeuren en costuymen van de Binnerlants-vaerders, van Amsterdam, Antwerpen, Middelburgh, Rotterdam, Dordrecht, Haerlem, Utrecht ende Leyden. Item van de Buytenlandts-vaerders van Rouan, Lonnen ende Hamburgh, & . Noch een korte instructie ende ordonnantie voor de Commissarissen t'Amstelredamme van de Zee-vaert. In dese laetste druck noch vermeerdest met een nieuwe ordonnantie van 't pael-geldt. En het tractaet van avarijen, gemaeckt by Quintijn Weytsen ...
=264  \1$a't Amsterdam :$bby Gerrit Van Goedesbergh,, Boeck-verkooper, op't water, aen de nieuwe-brugh, in de delffche Bybel,$c1662.
=300  \\$a[8], 88 pages, 89-92 leaves, 93-144, [24] pages ;$c19 cm (4to)
=336  \\$atext$btxt$2rdacontent
=337  \\$aunmediated$bn$2rdamedia
=338  \\$avolume$bnc$2rdacarrier
=340  \\$m4to$0http://rdaregistry.info/termList/bookFormat/1002
=500  \\$aGathered together under the title proper are three works published in 1662 : "Zee-rechten, ... ", "Extract uyt het register van de Willekeuren der stadt Amsterdamme", "Een tractaet van avarien, ..."
=500  \\$aFraktur.
=500  \\$aPublisher's device on title pages.
=500  \\$aTail-pieces and initials.
=500  \\$aSignatures: *⁴ A-L⁴ M⁶ N-W⁴
=500  \\$aRegister is continuous through the three works, including title pages.
=650  \0$aMaritime law$zNetherlands$xHistory$y17th century$vSources.
=700  1\$aWeytsen, Quintyn,$d1518-1565,$eauthor.
=700  1\$aGoedesbergh, Gerrit van,$ebookseller.
=740  02$aZee-rechten.
=740  02$aExtract uyt het register van de Willekeuren der stadt Amsterdamme.
=740  02$aTractaet van avarien.
=752  \\$aNetherlands$dAmsterdam.
=909  \\$acat$bMNU$c2017-07-17$dm-mccl$eori
=913  \\$avb16
=997  \\$a993941234
=998  \\$aLDR:02574nam##2200373Ii#4500
=998  \\$b008:170717s1662####ne############000#0#dut#d

