=LDR  02515cam a2200565Ii 4500
=001  9975323995801701
=005  20170921163518.0
=008  870309s1741\\\\enkabcf\\\\\\\001\0deng\d
=029  0\$aAU@$b000005182667
=035  \\$aMB20124
=035  \\$a(OCoLC)220281725
=040  \\$aAU@$beng$erda$edcrmb$cAU@$dOCLCQ$dOCLCF$dOCLCO$dOCLCQ$dOCL$dMNU
=041  1\$aeng$hdut
=043  \\$acc-----$anw-----
=049  \\$aMNUA
=050  \4$aAC4
=100  1\$aExquemelin, A. O.$q(Alexandre Olivier)$eauthor.
=240  10$aAmerikaanse zeerovers.$lEnglish
=245  14$aThe history of the bucaniers of America ... /$cthe whole written in several languages by persons present at the transactions ; translated into English, and illustrated with copper-plates.
=250  \\$aThe fourth edition.
=264  \1$aLondon :$bPrinted for D. Midwinter in St. Paul's-Church-Yard, T. Woodward at the Half-Moon between the Temple-Gates, C. Bathurst at the Cross-Keys against St. Dunstan's Church, both in Fleet-Street, and A. Ward at the King's-Arms in Little-Britain,$cMDCCXLI [1741].
=300  \\$a2 volumes :$billustrations, maps, portraits ;$c17 cm (12mo)
=336  \\$atext$btxt$2rdacontent
=337  \\$aunmediated$bn$2rdamedia
=338  \\$avolume$bnc$2rdacarrier
=340  \\$m12mo$0http://rdaregistry.info/termList/bookFormat/1004
=500  \\$aDutch original published Amsterdam, 1678.
=500  \\$aPaging: volume 1: [6], 354 pages, [6] leaves of plates (3 folded);
=500  \\$aSignatures: volume 1: pi² A² B-2G⁶ 2H⁴
=600  10$aMorgan, Henry$cSir,$d1635?-1688.
=600  00$aL'Olonnais,$d1630-1671.
=600  10$aSharpe, Bartholomew,$dactive 1679-1682.
=650  \0$aBuccaneers.
=650  \0$aPirates.
=651  \0$aSpanish Main.
=651  \0$aWest Indies$xHistory$y17th century.
=600  07$aL'Olonnais,$d1630-1671$2fast$0(OCoLC)fst00149576
=600  17$aMorgan, Henry,$d1635?-1688.$2fast$0(OCoLC)fst01772940
=600  17$aSharpe, Bartholomew,$dactive 1679-1682.$2fast$0(OCoLC)fst01847046
=650  \7$aBuccaneers.$2fast$0(OCoLC)fst00839967
=650  \7$aPirates.$2fast$0(OCoLC)fst01064776
=651  \7$aSouth America$zSpanish Main.$2fast$0(OCoLC)fst01244688
=651  \7$aWest Indies$2fast$0(OCoLC)fst01243265
=648  \7$a1600-1699$2fast
=655  \7$aHistory.$2fast$0(OCoLC)fst01411628
=909  \\$acat$bMNU$c2017-07-26$dm-mccl
=913  \\$avb16
=997  \\$a220281725
=998  \\$aLDR:02378cam##2200517Ii#4500
=998  \\$b008:870309s1741####enkabcf#######001#0deng#d

