=LDR  01811cam a2200409Ii 4500
=001  9975324100301701
=005  20181027155013.0
=008  841018m17781779ne\\\\\\\\\\\\000\0\fre\d
=035  \\$aMB2738
=035  \\$a(OCoLC)11282557
=040  \\$aVRU$beng$erda$edcrmb$cVRU$dOCL$dOCLCQ$dOCLCG$dHBS$dOCLCQ$dOCLCF$dOCLCQ$dOCLCO$dMNU
=041  1\$afre$heng
=049  \\$aMNUA
=050  \4$aHB161$b.S6514 1778
=082  04$a330$bG62
=100  1\$aSmith, Adam,$d1723-1790
=240  10$aInquiry into the nature and causes of the wealth of nations.$lFrench
=245  10$aRecherches sur la nature et les causes de la richesse des nations /$ctraduit de l'anglais de M. Adam Smith, par M***.
=246  3\$aWealth of nations
=246  38$aRichesse des nations$5MnU
=264  \1$aLa Haye :$b[publisher not identified],$cMDCCLXXVIII-MDCCLXXIX [1778-1779].
=300  \\$a4 volumes ;$c17 cm (12mo)
=336  \\$atext$btxt$2rdacontent
=337  \\$aunmediated$bn$2rdamedia
=338  \\$avolume$bnc$2rdacarrier
=340  \\$m12mo$0http://rdaregistry.info/termList/bookFormat/1004
=500  \\$aTranslation of An inquiry into the nature and causes of the wealth of nations.
=500  \\$aTitle page vignettes, head- and tail-pieces.
=500  \\$aSigned in alternating 8 and 4 gatherings: volume 1, A-3L⁸·⁴; volume 2, A-2S⁸·⁴; volume 3, pi² A-2R⁸·⁴ 2S²; volume 4, pi² A-2V⁸·⁴
=500  \\$aPagination: volume 1, 673, [15] pages; volume 2, 387 pages; volume 3, [2] leaves, 481, [1] pages, [1] leaf; volulme 4, [2] leaves, 520 pages.
=650  \0$aEconomics.
=650  \7$aEconomics$2fast$0(OCoLC)fst00902116
=909  \\$acat$bMNU$c2017-07-28$dm-mccl
=913  \\$avb16
=997  \\$a11282557
=998  \\$aLDR:01749cam##2200373Ii#4500
=998  \\$b008:841018m17781779ne############000#0#fre#d

