=LDR  02434cam a2200553Ii 4500
=001  9975324102201701
=005  20170921163525.0
=008  760607s1771\\\\enkaf\\\\\\\\\001\0\eng\\
=010  \\$a   05009330 
=016  7\$a002723142$2Uk
=029  1\$aAU@$b000007225247
=029  1\$aNLGGC$b113449658
=029  1\$aZWZ$b042589126
=029  1\$aAU@$b000057774189
=035  \\$aMB3077
=035  \\$a(OCoLC)2215006
=040  \\$aDLC$beng$erda$edcrmb$cTYC$dTYC$dOCLCQ$dOCLCG$dSTF$dUBY$dSINLB$dKRTAS$dUKMGB$dOCLCQ$dOCLCF$dOCLCO$dEUW$dOCLCQ$dMNU
=041  1\$aeng$hger
=043  \\$aa-cc---
=049  \\$aMNUA
=050  00$aDS708$b.O81
=082  04$a910.45$221
=100  1\$aOsbeck, Pehr,$d1723-1805.
=245  12$aA voyage to China and the East Indies /$cby Peter Osbeck. Together with A Voyage to Suratte, by Olof Toreen and an account of the Chinese husbandry, by Captain Charles Gustavus Eckeberg. Translated from the German, by John Reinhold Forster, F.A.S. To which are added, a faunula and flora sinensis. In two volumes.
=264  \1$aLondon :$bprinted for Benjamin White, at Horace's Head in Fleet-Street,$cMDCCLXXI [1771].
=300  \\$a2 volumes :$billustrations, plates ;$c21 cm (8vo)
=336  \\$atext$btxt$2rdacontent
=337  \\$aunmediated$bn$2rdamedia
=338  \\$avolume$bnc$2rdacarrier
=340  \\$m8vo$0http://rdaregistry.info/termList/bookFormat/1003
=500  \\$aIncludes index.
=650  \0$aVoyages and travels$vEarly works to 1800.
=651  \0$aChina$xDescription and travel$vEarly works to 1800.
=650  \0$aNatural history$zChina$vPre-Linnean works.
=650  \2$aNatural History
=650  \7$aNatural history.$2fast$0(OCoLC)fst01034268
=650  \7$aTravel$2fast$0(OCoLC)fst01155558
=650  \7$aVoyages and travels$2fast$0(OCoLC)fst01169308
=651  \7$aChina$2fast$0(OCoLC)fst01206073
=655  \7$aTravel literature.$2rbgenr
=700  1\$aTorén, Olof,$d1718-1753.$tVoyage to Suratte, China, &c. from the 1st of April, 1750, to the 26th of June, 1752.
=700  1\$aEkeberg, Carl Gustav,$d1716-1784.$tShort account of the Chinese husbandry.
=700  1\$aForster, Johann Reinhold,$d1729-1798,$etranslator.
=700  1\$aWhite, Benjamin,$dapproximately 1724-1794,$ebookseller.
=909  \\$acat$bMNU$c2017-07-27$dm-mccl
=913  \\$avb16
=997  \\$a2215006
=998  \\$aLDR:02312cam##2200517Ii#4500
=998  \\$b008:760607s1771####enkaf#########001#0#eng##

