=LDR  02990nam a2200409Ii 4500
=001  9975324104701701
=005  20170921163527.0
=008  170726s1755\\\\enkacf\\\\\\\\001\0\eng\d
=035  \\$aMB20139
=035  \\$a(OCoLC)995051621
=040  \\$aMNU$beng$erda$edcrmb$cMNU$dMNU
=049  \\$aMNUA
=245  03$aAn entertaining account of all the countries of the known world :$bdescribing the different religions, habits, tempers, customs, traffick, and manufactures of their inhabitants : the remarkable curiosities amongst them, either of art or nature, the great variety of strange land and sea-animals, extraordinary plants, minerals, &c. :  adorn'd with cuts of the habits of the several people, uncommon animals, ceremonies, buildings &c. all curiously engraved.
=246  18$aEntertain account$5MnU
=250  \\$aThe fourth edition.
=264  \1$a[Sherborne] :$bPrinted for R. Goadby in Sherborne,  and sold by W. Owen, bookseller, at Temple-Bar, London,$cMDCCLV [1755]
=300  \\$a2 volumes in 1 (490, [8] pages, [18] leaves of plates (9 folded) :$billustrations, portraits ;$c21 cm (8vo)
=336  \\$atext$btxt$2rdacontent
=337  \\$aunmediated$bn$2rdamedia
=338  \\$avolume$bnc$2rdacarrier
=340  \\$m8vo$0http://rdaregistry.info/termList/bookFormat/1003
=500  \\$aDescription from title page of volume 2 bound at beginning of volume; title page of volume 1 missing.$5MnU
=500  \\$aPublished in 61 parts, volume 2 containing parts 34-61.
=500  \\$aSignatures: A-3P⁴ 2K*⁴ chi⁴
=500  \\$aMissignings:  4B for 3B, 4C for 3C, 4M for 3M, 4N for 3N, 4O for 3O, and 4P for 3P.
=500  \\$aHead- and tail-pieces and initials.
=500  \\$aIndexes for each volume: 8 unnumbered pages bound in at end, gatherings 2K* and chi.$5MnU
=505  0\$aVolume 1: The discovery of the West-Indies <call'd the New world> by Christopher Columbus -- An account of the island Formosa, by George Candidius -- The travels of His Excellency E. Ysbrants Ides -- The voyage of Ferdinand Maglianes, or Magellan, from the South seas to the East Indies -- The journal of Sir Thomas Roe, ambassador from His Majesty King James the First of England, to Ichan Guire, the mighty emperor of India; Volume 2: A voyage to Virginia by Colonel Norwood -- An account of Palestine, or, the Holy Land, with a description of Jerusalem, as it is at this time -- An account of a journey from Grand Cairo to Mount Sinai, performed by the Presetto of Egypt in company with some missionaries in the year 1722 -- A voyage round the world in the years 1740, 1, 2, 3, 4, by Commodore Anson.
=510  4\$aESTC$cT113017
=650  \0$aVoyages and travels$vEarly works to 1800.
=700  1\$aGoadby, Robert,$d1721-1778,$ebookseller.
=700  1\$aOwen, W.$q(William),$d-1793,$ebookseller.
=909  \\$acat$bMNU$c2017-07-26$dm-mccl$eori
=913  \\$avb16
=997  \\$a995051621
=998  \\$aLDR:02876nam##2200373Ii#4500
=998  \\$b008:170726s1755####enkacf########001#0#eng#d

