=LDR  02312cam a2200541Ia 4500
=001  9975324200101701
=005  20180925120430.0
=008  761106s1778\\\\enkabf\\\\\\\\000\0\eng\\
=010  \\$a   02019440 
=019  \\$a220686670
=029  1\$aAU@$b000007225205
=035  \\$aMB5022
=035  \\$a(OCoLC)2541903
=040  \\$aDLC$beng$ebdrb$cISL$dISL$dIXA$dPIT$dDIBAM$dOCLCG$dJPG$dAU@$dOCLCF$dLUU$dOCL$dOCLCQ$dOCL$dMNU
=043  \\$an------$as------$an-us---
=049  \\$aMNUA
=050  00$aE143$b.R96
=082  04$a1300
=100  1\$aRussell, William,$d1741-1793.
=245  14$aThe history of America, :$bfrom its discovery by Columbus to the conclusion of the late war. : With an appendix, containing an account of the rise and progress of the present unhappy contest between Great Britain and her colonies. /$cBy William Russell ...
=260  \\$aLondon :$bPrinted for Fielding and Walker,$c1778.
=300  \\$a2 v. :$bill., maps, plates ;$c27 cm. (4to)
=336  \\$atext$btxt$2rdacontent
=337  \\$aunmediated$bn$2rdamedia
=338  \\$avolume$bnc$2rdacarrier
=340  \\$m4to$0http://rdaregistry.info/termList/bookFormat/1002
=500  \\$aTitle page of vol. 1 in red and black.
=500  \\$aThe exploration and history of North and South America to 1760, with an appendix (v. 2, p. 407-629) on the British colonies, 1763-1778.
=500  \\$aErrata at end of vol. 2.
=510  4\$aESTC$cT114880
=510  4\$aSabin$c74383
=651  \0$aAmerica$xHistory.
=651  \0$aUnited States$xHistory$yColonial period, ca. 1600-1775.
=651  \0$aUnited States$xHistory$yRevolution, 1775-1783.
=611  27$aAmerican Revolution (1775-1783)$2fast$0(OCoLC)fst01351668
=651  \7$aAmerica$2fast$0(OCoLC)fst01239786
=651  \7$aUnited States$2fast$0(OCoLC)fst01204155
=651  \7$aAMERICA$xHISTORIA.$2renib
=651  \7$aESTADOS UNIDOS$xHISTORIA$yPERIODO COLONIAL, CA., 1600-1775.$2renib
=651  \7$aESTADOS UNIDOS$xHISTORIA$yREVOLUCION, 1775-1783.$2renib
=651  \7$aGRAN BRETAÑA$xCOLONIAS.$2renib
=648  \7$a1600-1775$2fast
=655  \7$aHistory.$2fast$0(OCoLC)fst01411628
=909  \\$acat$bMNU$c2017-07-28$dm-mccl
=913  \\$avb16
=997  \\$a2541903
=998  \\$aLDR:02195cam##2200505Ia#4500
=998  \\$b008:761106s1778####enkabf########000#0#eng##

