=LDR  02102cam a2200457Ii 4500
=001  9975336905101701
=005  20170921163543.0
=008  860521s1770\\\\ne\\\\\\\\\\\\000\0\fre\\
=010  \\$a   14016084 
=029  1\$aAU@$b000028400191
=029  1\$aZWZ$b042670977
=035  \\$aMB1383
=035  \\$a(OCoLC)13596373
=040  \\$aDLC$beng$erda$edcrmb$cDLC$dPAU$dOCLCQ$dOCLCO$dOCLCF$dOCLCQ$dMNU
=042  \\$apremarc
=043  \\$ae-fr---
=049  \\$aMNUA
=050  00$aHD9042.6$b.L37 1770
=100  1\$aLe Mercier de La Rivière, Pierre-Paul,$d1719 or 1720-approximately 1794.
=245  12$aL'intérêt général de l'état, ou, La liberté du commerce des blés :$bdémontrée conforme au droit naturel; au droit public de la France; aux loix fondamentales du royaume; à l'intérêt commun du souverain & de ses sujets dans tous les temps: avec la réfutation d'un nouveau systéme, publié en forme de Dialogues, sur le commerce des blés.
=264  \1$aA Amsterdam, et se trouve à Paris :$bchez Desaint, libraire, rue du Foin,$cMDCCLXX [1770].
=300  \\$a1 preliminary leaf, xiv, 418 pages, 1 final leaf ;$c18 cm (12mo)
=336  \\$atext$btxt$2rdacontent
=337  \\$aunmediated$bn$2rdamedia
=338  \\$avolume$bnc$2rdacarrier
=340  \\$m12mo$0http://rdaregistry.info/termList/bookFormat/1004
=500  \\$aSignatures: a⁸ (-a8) A-R¹² S⁴ T² (-T2)
=500  \\$aHead- and tail-pieces, title page vignette.
=650  \0$aGrain trade$zFrance.
=650  \0$aFree trade.
=600  10$aGaliani, Ferdinando,$d1728-1787.$tDialogues sur le commerce des bleds.
=630  07$aDialogues sur le commerce des bleds (Galiani, Ferdinando)$2fast$0(OCoLC)fst01357835
=650  \7$aFree trade$2fast$0(OCoLC)fst00933944
=650  \7$aGrain trade.$2fast$0(OCoLC)fst00946068
=651  \7$aFrance$2fast$0(OCoLC)fst01204289
=740  0\$aLiberté du commerce des blés.
=909  \\$acat$bMNU$c2017-08-08$dm-mccl
=913  \\$avb16
=997  \\$a13596373
=998  \\$aLDR:01966cam##2200421Ii#4500
=998  \\$b008:860521s1770####ne############000#0#fre##

