=LDR  01719cam a2200385Ii 4500
=001  9975337091901701
=005  20170921163548.0
=008  960711s1773\\\\sz\a\\\\\\\\\\000\0\fre\d
=035  \\$aMB4537
=035  \\$a(OCoLC)35054475
=040  \\$aNYP$beng$cNYP$dOCLCG$dOG#$dOCLCQ$dOCLCO$dMNU
=043  \\$ai-mf---$ai-re---
=049  \\$aMNUA
=050  \4$aDT468$b.S14
=100  1\$aSaint-Pierre, Bernardin de,$d1737-1814.
=245  10$aVoyage à l'Isle de France, à l'isle de Bourbon, au cap de Bonne-Espérance, &c. :$bAvec des observations nouvelles sur la nature & sur les hommes /$cPar un officier du roi.
=264  \1$aA Neuchâtel :$bDe l'Imprimerie de la Société Typographique,$cMDCCLXXIII [1773].
=300  \\$a2 volumes in 1 :$btables ;$c20 cm (8vo)
=336  \\$atext$btxt$2rdacontent
=337  \\$aunmediated$bn$2rdamedia
=338  \\$avolume$bnc$2rdacarrier
=340  \\$m8vo$0http://rdaregistry.info/termList/bookFormat/1003
=500  \\$aPaging: volume 1: 229, [1] pages, 8 pages of folded tables; volume 2: 182 pages.
=500  \\$aSignatures: volume 1: A-O⁸ P⁴ (-P4); volume 2: A-L⁸ M⁴ (-M4)
=500  \\$aTitle page vignettes, head- and tail-pieces.
=651  \0$aMauritius$xDescription and travel$vEarly works to 1800.
=651  \0$aRéunion$xDescription and travel$vEarly works to 1800.
=651  \0$aCape of Good Hope (South Africa)$xDescription and travel$vEarly works to 1800.
=651  \4$aMauritius$xDescription and travel.
=651  \4$aCape of Good Hope$xDescription and travel.
=909  \\$acat$bMNU$c2017-08-08$dm-mccl
=913  \\$avb16
=997  \\$a35054475
=998  \\$aLDR:01605cam##2200349Ii#4500
=998  \\$b008:960711s1773####sz#a##########000#0#fre#d

