=LDR  02181nam a2200493Ii 4500
=001  9975340999601701
=005  20180131125027.0
=008  170810s1783\\\\enk\\\\\\b\\\f000\0\eng\d
=035  \\$aMB4768
=035  \\$a(OCoLC)1000313559
=040  \\$aMNU$beng$erda$edcrmb$cMNU
=043  \\$aa-ii---
=049  \\$aMNUA
=110  1\$aGreat Britain.$bParliament.$bHouse of Commons.$bSelect Committee on the State of the Administration of Justice in Bengal, Bahar, and Orissa.
=245  10$aNinth report from the Select Committee :$bappointed to take into consideration the state of the administration of justice in the provinces of Bengal, Bahar, and Orissa.
=264  \1$aLondon :$bprinted for J. Debrett (successor to Mr. Almon,) opposite Burlington-House, Piccadilly,$cMDCCLXXXIII [1783].
=300  \\$a128 pages, 4 unnumbered pages ;$c21 cm (8vo)
=336  \\$atext$btxt$2rdacontent
=337  \\$aunmediated$bn$2rdamedia
=338  \\$avolume$bnc$2rdacarrier
=340  \\$m8vo$0http://rdaregistry.info/termList/bookFormat/1003
=500  \\$aReport was written by Edmund Burke. Cf. British Museum Catalog.
=500  \\$aSignatures: [A]² B-R⁴ chi²
=500  \\$aAdvertisements: last 4 pages.
=504  \\$aIncludes bibliographical references.
=650  \0$aJustice, Administration of$zIndia$xHistory.
=651  \0$aIndia$xHistory$yBritish occupation, 1765-1947
=651  \0$aBengal (India)$xHistory.
=651  \0$aBihar (India)$xHistory.
=651  \0$aOdisha (India)$xHistory.
=611  27$aBritish Occupation of India (1765-1947)$2fast$0(OCoLC)fst01352145
=650  \7$aJustice, Administration of.$2fast$0(OCoLC)fst00985154
=651  \7$aIndia$2fast$0(OCoLC)fst01210276
=651  \7$aIndia$zBengal$2fast$0(OCoLC)fst01213579
=651  \7$aIndia$zBihar$2fast$0(OCoLC)fst01205758
=651  \7$aIndia$zOdisha$2fast$0(OCoLC)fst01920829
=648  \7$a1765-1947$2fast
=655  \7$aHistory.$2fast$0(OCoLC)fst01411628
=700  1\$aBurke, Edmund,$d1729-1797$eauthor.
=909  \\$acat$bMNU$c2017-08-10$dm-mccl$eori
=913  \\$avb16
=997  \\$a1000313559
=998  \\$aLDR:02061nam##2200457Ii#4500
=998  \\$b008:170810s1783####enk######b###f000#0#eng#d

