=LDR  01815cam a2200481Ii 4500
=001  9975341006201701
=005  20180131125018.0
=008  991102s1777\\\\ne\\\\\\\z\\\\000\0\dut\d
=035  \\$aMB1874
=035  \\$a(OCoLC)42746950
=040  \\$aNYP$beng$erda$edcrmb$cNYP$dOCLCQ$dOCLCO$dOCLCF$dMNU
=043  \\$ae-ne---$af-mr---
=049  \\$aMNUA
=050  \4$aDJ3
=110  1\$aMorocco.
=240  10$aTreaties, etc.$gNetherlands,$d1752
=245  10$aTractaat van vreede en commercie, geslooten tusschen Sijne Majesteit der keiser van Marocco en de hoog mogende heeren Staaten generaal der Vereenigde Nederlanden :$bGeslooten in den jaare 1752.
=264  \1$aIn 's Gravenhage :$bby Jacobus Scheltus . . . ,$canno 1777.
=300  \\$a26 pages ;$c22 cm (4to)
=336  \\$atext$btxt$2rdacontent
=337  \\$aunmediated$bn$2rdamedia
=338  \\$avolume$bnc$2rdacarrier
=340  \\$m4to$0http://rdaregistry.info/termList/bookFormat/1002
=500  \\$aAt head of title: Num. 30.
=500  \\$aTreaty dated November 21, 1752.
=500  \\$aSignatures: A-C⁸ D²
=500  \\$aFraktur.
=500  \\$aWoodcut initial and title-page vignette.
=651  \0$aNetherlands$vTreaties.
=651  \0$aMorocco$vTreaties.
=651  \0$aNetherlands$xCommerce$zMorocco.
=651  \0$aMorocco$xCommerce$zNetherlands.
=650  \7$aCommerce$2fast$0(OCoLC)fst00869279
=651  \7$aMorocco$2fast$0(OCoLC)fst01205592
=651  \7$aNetherlands$2fast$0(OCoLC)fst01204034
=655  \7$aTreaties.$2fast$0(OCoLC)fst01423868
=700  1\$aScheltus, Jacobus,$d1758-1832,$ebookseller.
=730  0\$aTreaties, etc.$d1752 Nov. 21.
=909  \\$acat$bMNU$c2017-08-09$dm-mccl
=913  \\$avb16
=997  \\$a42746950
=998  \\$aLDR:01676cam##2200433Ii#4500
=998  \\$b008:991102s1777####ne#######z####000#0#dut#d

