=LDR  02046cam a2200409Ii 4500
=001  9975341006501701
=005  20180131125018.0
=008  860515s1772\\\\enk\\\\\\\\\\\000\0\eng\d
=035  \\$aMB1250
=035  \\$a(OCoLC)663392992
=040  \\$aHUH$beng$erda$edcrmb$cHUH$dOCLCF$dOCLCO$dOCLCQ$dOCL$dMNU
=043  \\$aa-ii---
=049  \\$aMNUA
=050  14$aDS465$b.G74
=110  1\$aGreat Britain.$bParliament.$bHouse of Commons.$bSelect Committee on the Affairs of the East India Company.
=245  14$aThe genuine minutes of the select committee appointed by the House of Commons, assembled at Westminister, in the fifth session of the Thirteenth Parliament of Great Britain, to enquire into East India affairs :$bcontaining the most authentic, historical account of the various revolutions and other extraordinary events that have happened in India, from the commencement of Lord Clive's government, to the latest advices received by the honourable English East-India Company.
=264  \1$aLondon :$bprinted for T. Evans, publisher of the London Packet, at No. 54, Pater-noster Row,$cMDCCLXXII [1772].
=300  \\$a[2], 208 pages ;$c20 cm (8vo)
=336  \\$atext$btxt$2rdacontent
=337  \\$aunmediated$bn$2rdamedia
=338  \\$avolume$bnc$2rdacarrier
=340  \\$m8vo$0http://rdaregistry.info/termList/bookFormat/1003
=500  \\$aSignatures: pi² (-pi2) B-O⁸
=651  \0$aIndia$xPolitics and government$y1765-1947.
=610  20$aEast India Company
=651  \0$aIndia$xHistory$yBritish occupation, 1765-1947
=610  27$aEast India Company$2fast$0(OCoLC)fst00537796
=611  27$aBritish Occupation of India (1765-1947)$2fast$0(OCoLC)fst01352145
=651  \7$aIndia$2fast$0(OCoLC)fst01210276
=648  \7$a1765-1947$2fast
=655  \7$aHistory.$2fast$0(OCoLC)fst01411628
=700  1\$aEvans, Thomas,$d1739-1803,$ebookseller.
=909  \\$acat$bMNU$c2017-08-09$dm-mccl
=913  \\$avb16
=997  \\$a663392992
=998  \\$aLDR:01926cam##2200373Ii#4500
=998  \\$b008:860515s1772####enk###########000#0#eng#d

