=LDR  02156cam a2200457 i 4500
=001  9975341086701701
=005  20180131125030.0
=008  900201s1776\\\\enk\\\\\\\\\\\000\0\fre\\
=010  \\$a   90112094 
=035  \\$aMB20144
=035  \\$a(OCoLC)21295585
=040  \\$aDLC$beng$erda$edcrmb$cDLC$dOCLCG$dOCLCO$dOCLCF$dOCLCQ$dMNU
=043  \\$ae-fr---
=049  \\$aMNUA
=050  00$aKJV130.P69$bH57 1776
=100  0\$aHistoriographe sans gages & sans prétentions,$eauthor.
=245  10$aHistoire du proçès du chancelier Poyet pour servir à celle du regne de François I, roi de France :$bavec un chapitre préliminaire sur l'antiquité & la dignité de l'office de chancelier & sur les vicissitudes qu'il a éprouvées /$cpar l'Historiographe sans gages & sans pretentions.
=264  \1$aA Londres :$bEt se trouve à Paris chez tous les libraires,$cMDCCLXXVI [1776].
=300  \\$aviii, 360 pages ;$c21 cm (8vo)
=336  \\$atext$btxt$2rdacontent
=337  \\$aunmediated$bn$2rdamedia
=338  \\$avolume$bnc$2rdacarrier
=340  \\$m8vo$0http://rdaregistry.info/termList/bookFormat/1003
=500  \\$aWith a half-title.
=500  \\$aSignatures: pi⁴ A-Y⁸ Z⁴.
=500  \\$aThe imprint is false; probably printed in Paris.
=500  \\$aIncludes text of legal submissions, proceedings and sentences at Poyet's trial in 1544/45.
=510  4\$aEnglish short title catalogue,$cT130790.
=600  10$aPoyet, Guillaume,$d1473-1548$vTrials, litigation, etc.
=650  \0$aTrials (Political crimes and offenses)$zFrance$zParis.
=650  \0$aTrials (Misconduct in office)$zFrance$zParis.
=600  17$aPoyet, Guillaume,$d1473-1548$2fast$0(OCoLC)fst00263671
=650  \7$aTrials (Misconduct in office)$2fast$0(OCoLC)fst01156367
=650  \7$aTrials (Political crimes and offenses)$2fast$0(OCoLC)fst01156388
=651  \7$aFrance$zParis$2fast$0(OCoLC)fst01205283
=655  \7$aTrials, litigation, etc.$2fast$0(OCoLC)fst01423712
=909  \\$acat$bMNU$c2017-08-11$dm-mccl
=913  \\$avb16
=997  \\$a21295585
=998  \\$aLDR:02034cam##2200421#i#4500
=998  \\$b008:900201s1776####enk###########000#0#fre##

