=LDR  02148nam a2200517Ii 4500
=001  9975341092801701
=005  20180131125041.0
=008  170810s1781\\\\fr\bdf\\\\\\\f000\0\fre\\
=035  \\$aMB4411
=035  \\$a(OCoLC)1000312216
=040  \\$aMNU$beng$erda$edcrmb$cMNU
=043  \\$ae-fr---
=049  \\$aMNUA
=050  \4$aHB151
=110  1\$aFrance.$bContrôle général des finances.
=245  10$aCompte rendu au roi /$cpar M. Necker, Directeur général des finances ; au mois de janvier 1781.
=264  \1$aA Paris :$bDe l'imprimerie royale,$cMDCCLXXXI [1781].
=264  \1$aA Londres :$bRéimprimé aux frais de G. Kearsley, a l'imprimerie de T. Spilsbury,$cMDCCLXXXI [1781].
=300  \\$a[4], 116 p., [3] leaves of folded plates :$bcharts, maps ;$c24 cm (4to)
=336  \\$atext$btxt$2rdacontent
=337  \\$aunmediated$bn$2rdamedia
=338  \\$avolume$bnc$2rdacarrier
=340  \\$m4to$0http://rdaregistry.info/termList/bookFormat/1002
=500  \\$a"Imprimé par ordre de Sa Majesté."
=500  \\$aMaps engraved and hand-colored.
=500  \\$aSignatures: pi² A-2F²
=500  \\$aTitle-page vignette, head- and tail-pieces.
=500  \\$aStamped inside front cover: Bayntun, Binder, Bath. Eng.$5MnU
=650  \0$aFinance, Public$zFrance$vEarly works to 1800.
=651  \0$aFrance$xEconomic conditions$y18th century.
=651  \0$aFrance$xPolitics and government$y1774-1789.
=650  \7$aEconomic history$2fast$0(OCoLC)fst00901974
=650  \7$aFinance, Public$2fast$0(OCoLC)fst00924477
=650  \7$aPolitics and government$2fast$0(OCoLC)fst01919741
=651  \7$aFrance$2fast$0(OCoLC)fst01204289
=648  \7$a1700-1799$2fast
=655  \7$aEarly works.$2fast$0(OCoLC)fst01411636
=700  1\$aNecker, Jacques,$d1732-1804,$eauthor.
=700  1\$aSpilsbury, Thomas,$d-1795,$ebookseller.
=700  1\$aKearsley, George,$d-1790,$ebookseller.
=710  2\$aGeorge Bayntun (Firm),$ebinder.$5MnU
=909  \\$acat$bMNU$c2017-08-10$dm-mccl$eori
=913  \\$avb16
=997  \\$a1000312216
=998  \\$aLDR:01989nam##2200469Ii#4500
=998  \\$b008:170810s1781####fr#bdf#######f000#0#fre##

