=LDR  01585cam a2200373Ii 4500
=001  9975341206801701
=005  20180131125036.0
=008  920407s1782\\\\dk\\\\\\\\\\\\000\0\dan\d
=035  \\$aMB2624
=035  \\$a(OCoLC)38696652
=040  \\$aSTF$beng$erda$edcrmb$cSTF$dOCLCQ$dOCLCO$dOCLCA$dMNU
=043  \\$ae-dk---$an-gl---
=049  \\$aMNUA
=110  1\$aDenmark.$bDirectionen for den K. Grønlandske, islandske, finmarkske og færøiske handel.
=245  10$aInstrux,$bhvorefter kiøbmændene eller de som enten bestyre handelen eller forestaae hvalfangeranlæggene i Grønland, i særdeleshed, saavelsom og alle de der staae i Handelens tieneste i almindelighed, sig for fremtiden have at rette og forholde.
=264  \1$a[Kiøbenhavn] :$b[publisher not identified],$c[1782]
=300  \\$a58 pages ;$c23 cm (4to)
=336  \\$atext$btxt$2rdacontent
=337  \\$aunmediated$bn$2rdamedia
=338  \\$avolume$bnc$2rdacarrier
=340  \\$m4to$0http://rdaregistry.info/termList/bookFormat/1002
=500  \\$aSignatures: A-G⁴ H²
=500  \\$aLeaf D2 mis-signed 2D2.
=500  \\$aFraktur.
=500  \\$aHead- and tail-pieces.
=500  \\$aInterleaved.
=650  \0$aDanes$zGreenland.
=610  10$aDenmark.$bK. Grønlandske, islandske, finmarkske og færøiske handel$xOfficials and employees.
=610  10$aDenmark.$bK. Grønlandske, islandske, finmarkske og færøiske handel.
=909  \\$acat$bMNU$c2017-08-10$dm-mccl
=913  \\$avb16
=997  \\$a38696652
=998  \\$aLDR:01463cam##2200337Ii#4500
=998  \\$b008:920407s1782####dk############000#0#dan#d

