=LDR  01811cam a2200457 i 4500
=001  9975341207101701
=005  20180131125036.0
=008  931217m17811782ru\\\\\\\\\\\\000\0\ger\\
=010  \\$a   93244866 
=029  1\$aHEBIS$b132895773
=035  \\$aMB2855
=035  \\$a(OCoLC)30036586
=040  \\$aDLC$beng$erda$edcrb$cDLC$dOCLCF$dOCLCO$dOCLCQ$dMNU
=041  1\$ager$hrus
=043  \\$ae-ru---
=049  \\$aMNUA
=050  00$aKLA970.3$b1781
=051  \\$aKLA970.3$b1781 Copy 2$cCopy 2. Bound in 1 v.
=110  1\$aRussia.
=240  10$aUstav kupecheskogo vodokhodstva po rekam, vodam, i mori︡am.$lGerman
=245  10$aRussisch-Kaiserliche Ordnung der Handels-Schiffahrt auf Flüssen, Seen und Meeren /$c... aus dem Russischen übersezt von C.G. Arndt.
=264  \0$aSt. Petersburg :$bGedruckt bey Weitbrecht und Schnoor,$c1781-1782.
=300  \\$a2 volumes in 1 ;$c22 cm (4to)
=336  \\$atext$btxt$2rdacontent
=337  \\$aunmediated$bn$2rdamedia
=338  \\$avolume$bnc$2rdacarrier
=340  \\$m4to$0http://rdaregistry.info/termList/bookFormat/1002
=500  \\$aVolume 2 printed by Schnoor.
=500  \\$aVolume 1: XVI, 78 pages; volume 2: XIII, [1], p. [79]-149, [1] pages.
=500  \\$aSigned continuously: [star]-2[star]⁴ A-K⁴ chi⁴ ²[star]⁴ (-²[star]4) L-T⁴
=500  \\$aFraktur.
=500  \\$aTitle-page vignettes, head- and tail-pieces.
=650  \0$aMaritime law$zRussia$vEarly works to 1800.
=650  \7$aMaritime law$2fast$0(OCoLC)fst01010102
=651  \7$aRussia$2fast$0(OCoLC)fst01207312
=700  1\$aArndt, Christian Gottlieb von,$d1743-1829,$etranslator.
=909  \\$acat$bMNU$c2017-08-10$dm-mccl
=913  \\$avb16
=997  \\$a30036586
=998  \\$aLDR:01726cam##2200421#i#4500
=998  \\$b008:931217m17811782ru############000#0#ger##

