=LDR  01440cam a2200349Ii 4500
=001  9975341208701701
=005  20180131125037.0
=008  900816s1777\\\\po\\\\\\\z\\\\100\0\por\d
=035  \\$aMB6543
=035  \\$a(OCoLC)77607808
=040  \\$aNAlU$beng$erda$edcrmb$cZYU$dOCLCO$dOCLCQ$dOCLCO$dOCLCQ$dMNU
=043  \\$ae-po---$ae-sp---
=049  \\$aMNUA
=050  \4$aDP555.S7
=110  1\$aPortugal.
=240  10$aTreaties, etc.$gSpain,$d1777 October 11
=245  10$aTratado preliminar de paz, e de limites na America Meridional, relativo aos estados que nella possuem as coroas de Portugal, e de Hespanha :$bassinado em Madrid pelos plenipotenciarios de Suas Magestades fidelissima e Catholica em o primerio de outubro de MDCCLXXVII, e ratificado por ambas as magestades.
=264  \1$aLisboa :$bNa Regia Officina Typografica,$canno MDCCLXXVII [1777].
=300  \\$a31 pages ;$c23 cm (4to)
=336  \\$atext$btxt$2rdacontent
=337  \\$aunmediated$bn$2rdamedia
=338  \\$avolume$bnc$2rdacarrier
=340  \\$m4to$0http://rdaregistry.info/termList/bookFormat/1002
=500  \\$aInitial and title-page vignette.
=500  \\$aSignatures: A-D⁴
=651  \0$aPortugal$xColonies$xBoundaries$zSouth America.
=651  \0$aBrazil$xBoundaries.
=909  \\$acat$bMNU$c2017-08-09$dm-mccl
=913  \\$avb16
=997  \\$a77607808
=998  \\$aLDR:01293cam##2200301Ii#4500
=998  \\$b008:900816s1777####po#######z####100#0#por#d

