=LDR  01340nam a2200325Ii 4500
=001  9975341491601701
=005  20170921163609.0
=008  170817s1785\\\\gw\\\\\\\\\\\\000\1\fre\d
=035  \\$aMB1808
=035  \\$a(OCoLC)1001314250
=040  \\$aMNU$beng$erda$edcrmb$cMNU
=049  \\$aMNUA
=245  00$aLa vie et les aventures de Charles Muller, Allemand.
=264  \1$aà Cologne :$bChez les Héritiers de Pierre Marteau,$c1785.
=300  \\$a3 parts in 1 ;$c20 cm (8vo)
=336  \\$atext$btxt$2rdacontent
=337  \\$aunmediated$bn$2rdamedia
=338  \\$avolume$bnc$2rdacarrier
=340  \\$m8vo$0http://rdaregistry.info/termList/bookFormat/1003
=500  \\$aSignatures: part 1: pi² A-D⁸ E⁴; part 2: pi² (-pi2) A-E⁸ F² (-F2); part 3: pi² (-pi2) A-C⁸ D⁴
=500  \\$aPaging: part 1: 71, [1]; part 2:  82;  part 3: 52, [1].
=500  \\$aTitle page vignettes, head- and tail-pieces.
=500  \\$aA work of fiction.
=501  \\$aWith: Charpentier de Cossigny, David. Les Indiens, ou, Tipou-Sultan, fils d'Ayder-Aly, &c. A Londres : Et se trouve a Paris Chez Le Jay, 1788.$5MnU
=700  1\$aMarteau, Pierre,$epublisher.
=909  \\$acat$bMNU$c2017-08-17$dm-mccl$eori
=913  \\$avb16
=997  \\$a1001314250
=998  \\$aLDR:01232nam##2200289Ii#4500
=998  \\$b008:170817s1785####gw############000#1#fre#d

