=LDR  01790cam a2200445Ii 4500
=001  9975341599001701
=005  20170921163616.0
=008  851021s1788\\\\fr\e\\\\\\\\\f000\0\fre\\
=010  \\$a   10008135 
=035  \\$aMB5830
=035  \\$a(OCoLC)12699583
=040  \\$aDLC$beng$erda$edcrmb$cDRB$dDRB$dOCLCQ$dSTF$dOCLCF$dOCLCQ$dOCLCO$dOCL$dMNU
=043  \\$ae-fr---
=049  \\$aMNUA
=050  04$aDC163$b.A4 1787
=110  1\$aFrance.$bAssemblée des notables (1786-1787)
=245  10$aProcès-verbal de l'Assemblée de notables, tenue à Versailles, en l'année MDCCLXXXVII.
=264  \1$aA Paris :$bDe l'Imprimerie royale,$cMDCCLXXXVIII [1788].
=300  \\$a2 preliminary leaves, 38, [4], 39-94, [4], 95-326 pages :$bplans ;$c26 cm (4to)
=336  \\$atext$btxt$2rdacontent
=337  \\$aunmediated$bn$2rdamedia
=338  \\$avolume$bnc$2rdacarrier
=340  \\$m4to$0http://rdaregistry.info/termList/bookFormat/1002
=500  \\$a"Signe Henne & Du Pont."
=500  \\$aIncludes seating plans for the Assemblée des notables.
=500  \\$aSignatures: pi² A-2S⁴
=500  \\$aPlans, on unnumbered pages, are unsigned and inserted between F3 and F4, and between M3 and M4.
=500  \\$aTitle-page vignette, head- and tail-pieces.
=500  \\$aIncludes half title.
=651  \0$aFrance$xPolitics and government$y1774-1793.
=651  \0$aFrance$xHistory$yLouis XVI, 1774-1793.
=650  \7$aPolitics and government$2fast$0(OCoLC)fst01919741
=651  \7$aFrance$2fast$0(OCoLC)fst01204289
=648  \7$a1774-1793$2fast
=655  \7$aHistory.$2fast$0(OCoLC)fst01411628
=909  \\$acat$bMNU$c2017-08-21$dm-mccl
=913  \\$avb16
=997  \\$a12699583
=998  \\$aLDR:01663cam##2200409Ii#4500
=998  \\$b008:851021s1788####fr#e#########f000#0#fre##

