=LDR  02167cam a22004692a 4500
=001  9952351780001701
=005  20170404014602.0
=008  840315s1783\\\\fr\acdf\\\\\\\000\0\fre\d
=035  \\$a(Aleph)006419808UMN01
=035  \\$aMB1865
=035  \\$a(OCoLC)225046900
=040  \\$aAU@$beng$cAU@$dMNU
=043  \\$au-at-tm$au-nz---$apo-----
=049  \\$aMNUA
=050  \4$aDU20
=082  0\$a919.04$220
=099  \9$a1783 Cr
=100  1\$aCrozet, Julien Marie,$d1728-1782?
=245  10$aNouveau voyage á la mer du Sud, commencé sous les ordres de M. Marion ... & achevé, après la mort de cet officier, sous ceux de M. le Chevalier Duclesmeur ... Cette relation a été rédigée d'après les plans & journaux de M. Crozet. On a joint á ce voyage un extrait de celui de M. de Surville dans les mêmes parages.
=260  \\$aÁ Paris :$bChez Barrois l'aîné, quai des Augustins,$cMDCCLXXXIII [1783]
=300  \\$aviii, 290 pages, 7 leaves of plates (1 folded) :$billustrations, portraits, charts ;$c22 cm (8vo)
=336  \\$atext$btxt$2rdacontent
=337  \\$aunmediated$bn$2rdamedia
=338  \\$avolume$bnc$2rdacarrier
=340  \\$m8vo$0http://rdaregistry.info/termList/bookFormat/1003
=500  \\$aEdited by Alexis Marie de Rochon.
=500  \\$aThe account of M. de Surville's voyage (pages [251]-290) was compiled from the ms. journals of MM. de Surville and Monneron. cf. page 246 (i.e. 254)-255.
=500  \\$aSignatures: a⁴ A-S⁸ T².
=500  \\$aPrinter's device on title page.
=600  10$aMarion du Fresne, M.-J.$q(Marc-Joseph),$d1724-1772
=651  \0$aTasmania$xDescription and travel$vEarly works to 1800.
=651  \0$aNew Zealand$xDescription and travel$vEarly works to 1800.
=651  \0$aOceania$xDescription and travel$vEarly works to 1800.
=700  1\$aRochon, Alexis,$d1741-1817.
=700  1\$aSurville, Jean François de,$d1717-1770.
=700  1\$aBarrois, Louis-François,$d1748-$eprinter.
=926  \\$aMARS
=967  \\$ascs20170325
=968  \\$aRDA ENRICHED
=997  \\$a225046900
=998  \\$aLDR:02170cam#a22004452a#4500
=998  \\$b008:840315s1783####fr#acdf#######000#0#fre#d

