=LDR  03263cam a2200673 a 4500
=001  9952540030001701
=005  20170404015513.0
=008  781208s1777\\\\enkbf\\\\bc\\\001\0\eng\\
=010  \\$a   02020227 
=035  \\$a(Aleph)006250455UMN01
=035  \\$aMB4198
=035  \\$a(OCoLC)4433206
=040  \\$aDLC$cEEM$dEEM$dSER$dOCL$dMUQ$dDIBAM$dOCLCQ$dOCLCG$dCRU$dKRTAS$dZNS$dMnU
=043  \\$an------$as------$acl-----$an-mx---
=050  14$aE143$b.R62
=082  04$a094.1
=099  \9$a1777 Ro2
=100  1\$aRobertson, William,$d1721-1793.
=240  10$aHistory of America.$pBooks 1-8
=245  10$aHistory of America /$cby William Robertson, D.D. principal of the University of Edinburgh, and historiographer to his Majesty for Scotland.
=250  \\$aFirst edition.
=260  \\$aLondon :$bPrinted for W. Strahan; T. Cadell, in the Strand, and J. Balfour, at Edinburgh,$cMDCCLXXVII. [1777]
=300  \\$a2 volumes :$bmaps (folded) ;$c29 cm (4°)
=336  \\$atext$btxt$2rdacontent
=337  \\$aunmediated$bn$2rdamedia
=338  \\$avolume$bnc$2rdacarrier
=340  \\$m4to$0http://rdaregistry.info/termList/bookFormat/1002
=500  \\$aA notice by Thomas Cadell was issued on 28 May concerning the maps for this work, and is entitled 'To the public. Dr. Robertson's History of America is to be illustrated . ..'.
=500  \\$aPagination, volume 1: xvii, [1], [6], 488 pages, [2] folded leaves of plates; volume 2: [2], 535, [1], [20] pages, [2] folded leaves of plates.
=500  \\$aContains Books I-VIII, the history of the discovery of America and the conquest of Mexico and Peru. Books IX-X, the history of Virginia and New England, first appeared separately in 1796.
=500  \\$a"A catalogue of Spanish books and manuscripts": volume 2, pages 523-535.
=500  \\$aIndex on 20 unnumbered pages at end of volume 2.
=500  \\$aErrata for 2 volumes on terminal page of volume 2.
=510  4\$aESTC$cT078961
=510  4\$aSabin$c71973
=651  \0$aAmerica$xHistory$vEarly works to 1800.
=651  \0$aAmerica$xDiscovery and exploration$vEarly works to 1800.
=651  \0$aMexico$xHistory$yConquest, 1519-1540.
=651  \0$aMexico$xHistory$vEarly works to 1800.
=651  \0$aPeru$xHistory$vEarly works to 1800.
=651  \0$aLatin America$vBibliography$vEarly works to 1800.
=655  \7$aIntegral errata lists (Printing)$zEngland$zLondon$y1777.$2rbpri
=655  \7$aMaps$zAmerica$y1777.$2gmgpc
=655  \7$aCartouches (Printing)$zEngland$zLondon$y1777.$2rbpri
=655  \7$aLettering pieces (Binding)$y18th century.$2rbbin$5ZNS
=655  \7$aContemporary bindings (Binding)$y18th century.$2rbbin$5ZNS
=655  \7$aStamps (Provenance)$zNew York (State)$zNew York$y20th century.$2rbprov
=700  1\$aStrahan, William,$d1715-1785,$ebookseller.
=700  1\$aCadell, T.$q(Thomas),$d1742-1802,$ebookseller.
=700  1\$aBalfour, John,$d-1795$ebookseller.
=700  1\$aKitchin, Thomas,$d1718-1784,$eengraver.
=740  02$aCatalogue of Spanish books and manuscripts.
=926  \\$aMARS
=967  \\$ascs20170325
=968  \\$aRDA ENRICHED
=997  \\$a4433206
=998  \\$aLDR:03166cam#a2200649#a#4500
=998  \\$b008:781208s1777####enkbf####bc###001#0#eng##
=SID  \\$aZ39$bOCLC

