=LDR  02658cam a22005172a 4500
=001  9952557450001701
=005  20170404015437.0
=008  920608s1777\\\\ne\af\\\\\\\\\001\0\fre\d
=035  \\$a(Aleph)006250466UMN01
=035  \\$aMB6330
=035  \\$a(OCoLC)26112048
=040  \\$aPUL$cPUL$dOCL$dOCLCQ$dOCLCG$dMnU
=041  1\$afre$heng
=043  \\$an------$as------$an-mx---
=050  \4$aE143
=099  \9$a1777 Ro
=100  1\$aRobertson, William,$d1721-1793.
=240  10$aHistory of America.$nBooks 1-8.$lFrench
=245  10$aHistoire de l'Amérique /$cpar Guillaume Robertson, ... Traduite de l'Anglois, par M.E.
=260  \\$aA Maestricht :$bChez Jean-Edme Dufour & Philippe Roux, imprimeurs-libraires, associés., et àla Haye, Chez Detune, Libraire,$cM DCC LXXVII [1777]
=300  \\$a4 volumes :$billustrations (folded) ;$c18 cm (12mo)
=336  \\$atext$btxt$2rdacontent
=337  \\$aunmediated$bn$2rdamedia
=338  \\$avolume$bnc$2rdacarrier
=340  \\$m12mo$0http://rdaregistry.info/termList/bookFormat/1004
=500  \\$aTranslation, by Marc-Antoine Eidous, of: The history of America. London, 1777, 2 v. in quarto. Contains Books I-VIII, the history of the discovery of America and the conquest of Mexico and Peru.
=500  \\$aA different translation, by Jean Baptiste Antoine Suard and Hendrik Jansen, was published in Paris, 1777.
=500  \\$aSignatures: volume 1: a¹² A-M¹² N⁶ ( -N6; a1 verso, a2 verso, E3 verso blank); volume 2: pi² A-S¹² T⁴ (pi1 verso, pi2 verso, T4 blank); volume 3: pi² A-T¹² (pi 1 verso, pi2 verso, L7 verso blank); volume 4: pi² A-Q¹² ( -Q12; pi1 verso, pi2 verso, P1 verso, Z11 verso blank). Leaf C3 in volume 4 signed as: "Cij."
=500  \\$aPaging: volume 1: xxiij, [1], 298 pages; volume 2: [4], 437, [3] pages; volume 3: [4], 456 pages; volume 4: [4], 381, [1] pages, [1] folded leaf of plates.
=500  \\$aErrors in paging.
=500  \\$aPlate unnumbered.
=504  \\$aIncludes bibliographical references and index, among them: "Catalogue des livres & des manuscrits espagnols." (volume 4: pages 317-337).
=510  4\$aSabin$c71990.
=510  4\$aQuérard, J.-M. La France littéraire,$c8: p. 77.
=510  4\$aPalau y Dulcet (2nd ed.)$c270999.
=651  \0$aAmerica$xHistory.
=651  \0$aAmerica$xDiscovery and exploration.
=651  \0$aLatin America$vBibliography.
=700  0\$aM. E.$q(Marc Eidous),$etranslator.
=926  \\$aMARS
=967  \\$ascs20170325
=968  \\$aRDA ENRICHED
=997  \\$a26112048
=998  \\$aLDR:02606cam#a22004932a#4500
=998  \\$b008:920608s1777####ne#af#########001#0#fre#d
=SID  \\$aZ39$bOCLC

