=LDR  01954aam a2200469 a 4500
=001  9947314930001701
=005  20170403034141.0
=008  861003s1780\\\\sz\abf\\\\\\\\000\0\fre\d
=035  \\$a(Aleph)006357235UMN01
=035  \\$aMB6328
=035  \\$a(OCoLC)25400354
=040  \\$aPUL$cPUL$dOCLCQ$dOCLCG$dZWZ$dJPG$dMnU
=041  1\$afre$hger
=043  \\$aar-----$aaw-----$af-ua---
=050  \4$aDS206$b.N64
=099  \9$a1780 Ni
=100  1\$aNiebuhr, Carsten,$d1733-1815.
=240  10$aReisebeschreibung nach Arabien und andern umliegenden Ländern.$lFrench
=245  10$aVoyage de M. Niebuhr en Arabie et en d'autres pays de l'Orient :$bavec l'extrait de sa description de l'Arabie & des observations de Mr. Forskal.
=260  \\$aEn Suisse :$bChez les Libraires associés,$c1780.
=300  \\$a2 volumes, XI, VIII, 6 unnumbered leaves of plates :$billustrations (some folded), folded maps ;$c20 cm (8vo)
=336  \\$atext$btxt$2rdacontent
=337  \\$aunmediated$bn$2rdamedia
=338  \\$avolume$bnc$2rdacarrier
=340  \\$m8vo$0http://rdaregistry.info/termList/bookFormat/1003
=500  \\$aTranslation of: Reisebeschreibung nach Arabien und andern umliegenden Ländern.
=500  \\$aSix unnumbered folded plates at endof volume 2 are maps, designated A-F.
=600  10$aNiebuhr, Carsten,$d1733-1815$xTravel.
=650  \0$aVoyages and travels$vEarly works to 1800.
=651  \0$aArabian Peninsula$xDescription and travel$vEarly works to 1800.
=651  \0$aMiddle East$xDescription and travel$vEarly works to 1800.
=651  \0$aEgypt$xDescription and travel$vEarly works to 1800.
=655  \7$aTravel literature.$2rbgenr
=700  1\$aForsskål, Peter,$d1732-1763.
=752  \\$aSwitzerland.
=926  \\$aMARS
=967  \\$ascs20170325
=968  \\$aRDA ENRICHED
=997  \\$a25400354
=998  \\$aLDR:01880aam#a2200445#a#4500
=998  \\$b008:861003s1780####sz#abf########000#0#fre#d
=SID  \\$aZ39$bOCLC

