=LDR  02388cam a2200553 a 4500
=001  9947315870001701
=005  20170403034112.0
=008  741029s1780\\\\fr\abfj\\b\\\\000\0\fre\c
=010  \\$a   27021459 
=035  \\$a(Aleph)006357250UMN01
=035  \\$aMB5270
=035  \\$a(OCoLC)1059324
=040  \\$aDRB$edcrmb$cDRB$dOCL$dDIBAM$dOCLCQ$dOCLCG$dLGG$dKRTAS$dMnU
=041  1\$afre$heng
=043  \\$aa-nw---$aa-io---$aa-ph---
=045  \\$av7v7
=050  \4$aDS601$b.F75
=099  \9$a1780 Fo1
=100  1\$aForrest, Thomas,$d1729?-1802?
=245  10$aVoyage aux Moluques et à la Nouvelle Guinée :$bfait sur la galere la Tartare en 1774, 1775 & 1776, par ordre de la Compagnie angloise /$cpar le capitaine Forrest ; orné de planches & cartes.
=260  \\$aParis :$bHôtel de Thou, rue des Poitevins,$cMDCCLXXX [1780]
=300  \\$a6 unnumbered pages, 470 pages, 2 unnumbered pages, 27 (i.e., 28), 1 unnumbered leaf of plates :$billustrations (part folded), maps (part folded), genealogical table ;$c27 cm (4to)
=336  \\$atext$btxt$2rdacontent
=337  \\$aunmediated$bn$2rdamedia
=338  \\$avolume$bnc$2rdacarrier
=340  \\$m4to$0http://rdaregistry.info/termList/bookFormat/1002
=500  \\$aIncludes half-title.
=500  \\$aAvertissement: pages [5-6].
=500  \\$aTranslated by J.N. Demeunier.
=500  \\$aPlates: Benard, direx.
=500  \\$a"Vocabulaire de la langue ... magindano": pages 443-458.
=500  \\$aIncludes head- and tail-pieces and title vignette.
=500  \\$aPlate numbering irregularities: some plates have two parts, 5:1 and 5:2, 13:1 and 13:2, 18:1 and 18:2; some plates are two on a page, 20 and 21, 25 and 26.
=500  \\$aSignatures: pi⁴ (-pi4) A-3N⁴
=500  \\$aErrata: page 470.
=504  \\$aIncludes bibliographical references.
=650  \0$aMagindanao language.
=651  \0$aNew Guinea$xDescription and travel$vEarly works to 1800.
=651  \0$aMaluku (Indonesia)
=651  \0$aPhilippines$xDescription and travel$vEarly works to 1800.
=700  1\$aDémeunier,$cM.$q(Jean Nicolas),$d1741-1814,$etranslator.
=700  1\$aBénard, Robert,$d1734-$eengraver.
=926  \\$aMARS
=967  \\$ascs20170325
=968  \\$aRDA ENRICHED
=997  \\$a1059324
=998  \\$aLDR:02336cam#a2200529#a#4500
=998  \\$b008:741029s1780####fr#abfj##b####000#0#fre#c
=SID  \\$aZ39$bOCLC

