=LDR  02940nam a2200589 a 4500
=001  9947632660001701
=005  20170403035328.0
=006  ei\\\\\\e\\\\\1\\\
=008  120801s1780\\\\sz\abcf\\\\\\\001\0\fre\d
=034  0\$aa
=035  \\$a(Aleph)006359109UMN01
=035  \\$aMB1307
=035  \\$a(OCoLC)7884471
=040  \\$aMnU$edcrb$cMnU
=043  \\$an------$as------
=050  00$aD22$b.R27 1780
=052  \\$a3200
=052  \\$a3290
=099  \9$a1780 Ra
=100  1\$aRaynal,$cabbé$q(Guillaume-Thomas-François),$d1713-1796.
=245  10$aHistoire philosophique et politique des établissemens et du commerce des Européens dans les deux indes /$cpar Guillaume-Thomas Raynal.
=246  1\$iAtlas title:$aAtlas de toutes les parties connues du globe terrestre :$bdressé pour l'Histoire philosophique et politique des établissemens et du commerce des Européens dans les deux indes
=260  \\$aA Genève :$bChez Jean-Leonard Pellet,$c1780.
=300  \\$a4 volumes, 23 unnumbered leaves of tables (some folded) :$billustrations (engravings), portrait ;$c26 cm (4to) +$e1 atlas ([4], 28 pages, 49 [i.e. 50] double leaves of plates : hand color maps (some folded) ; 26 cm)
=336  \\$atext$btxt$2rdacontent
=337  \\$aunmediated$bn$2rdamedia
=338  \\$avolume$bnc$2rdacarrier
=340  \\$m4to$0http://rdaregistry.info/termList/bookFormat/1002
=500  \\$aVolume 1: xvi, 741, [1] pages, [2] leaves of plates, [6] tables (3 fold.); volume 2: [4], viii, 485, [1] pages, [1] leaf of plates, [4] tables (1 fold.) ; volume 3: xv, [1], 629, [1] pages, [1] leaf of plates, [10] tables (5 fold.); volume 4: [4], viii, 770, [2] pages, [1] leaf of plates, [3] fold. tables.
=500  \\$aIncludes indexes.
=500  \\$aErrata: volumes 1-4: page [1] at end.
=500  \\$aThe Raynal portrait by Cochin and engraved by N. De Launay. Other plates by J.M. Moreau and engraved by J.B. Simonet, J.L. Delignon, and De Launay.
=510  4\$aRosenwald$c1606
=650  \0$aColonization$vEarly works to 1800.
=650  \0$aCommerce$vEarly works to 1800.
=650  \0$aAtlases$zSwitzerland$vEarly works to 1800.
=651  \0$aAmerica$xDiscovery and exploration$vEarly works to 1800.
=651  \0$aWestern Hemisphere$xMaps$vEarly works to 1800.
=700  1\$aCochin, Charles Nicolas,$d1715-1790$eartist.
=700  1\$aMoreau, Jean Michel,$d1741-1814,$eartist.
=700  1\$aSimonet, Jean-Baptiste Blaise,$d1742-approximately 1813,$eengraver.
=700  1\$aDelignon, Jean Louis,$d1755-approximately 1804,$eengraver.
=700  1\$aDe Launary, N.,$eengraver.
=700  1\$aPellet, J.-L.$q(Jean-Léonard),$epublisher.
=752  \\$aSwitzerland$dGeneva (Republic)
=926  \\$aMARS
=967  \\$ascs20170325
=968  \\$aRDA ENRICHED
=997  \\$a7884471
=998  \\$aLDR:02891nam#a2200565#a#4500
=998  \\$b008:120801s1780####sz#abcf#######001#0#fre#d
=998  \\$d006:ei      e     1   

