=LDR  01881nam a2200469 a 4500
=001  9947684250001701
=005  20170403035540.0
=008  110824s1775\\\\fr\\\\\\\\\\\\000\0\fre\d
=035  \\$a(Aleph)006078331UMN01
=035  \\$aMB1556
=035  \\$a(OCoLC)11063831
=040  \\$aMnU$edcrmb$cMnU
=043  \\$ae-fr---
=050  \4$aHD9042.6$b.N43 1775
=099  \9$a1775 Ne
=100  1\$aNecker, Jacques,$d1732-1804.
=245  10$aSur la législation et le commerce des grains.
=250  \\$aTroisiéme édition.
=260  \\$aA Paris :$bChez Pissot, Libraire, quai des Augustins, près la rue Gît-le-Coeur,$cMDCCLXXV [1775]
=300  \\$a2 volumes in 1 (4 unnumbered pages, 236; 184 pages, 1 unnumbered page) ;$c20 cm (8vo).
=336  \\$atext$btxt$2rdacontent
=337  \\$aunmediated$bn$2rdamedia
=338  \\$avolume$bnc$2rdacarrier
=340  \\$m8vo$0http://rdaregistry.info/termList/bookFormat/1003
=500  \\$aAuthorship from Kress Lib. no. 7144, Goldsmith's Lib. cat., no. 11267, and Cioranescu, A.A., 18. s., no. 47905.
=500  \\$aSignatures: volume 1, pi² A-O⁸ P⁶; volume 2, A-L⁸ M⁸⁻³ (-M6,7,8, blanks or for cancels?).
=500  \\$aHalf title.
=500  \\$aVolume 2 without title page.
=500  \\$aErrata for both volumes: page [185], second count.
=500  \\$aTitle vignette, head- and tail-pieces.
=500  \\$a"De l'Imprimerie de Prault, Imprimeur du Roi, quai de Gêvres."--Colophone.
=650  \0$aGrain trade$xLaw and legislation$zFrance.
=650  \0$aTrade regulation$zFrance.
=651  \0$aFrance$xCommerce.
=700  1\$aPissot,$ebookseller.
=700  1\$aPrault, Laurent François,$d1712-1780,$eprinter.
=926  \\$aMARS
=967  \\$ascs20170325
=968  \\$aRDA ENRICHED
=997  \\$a11063831
=998  \\$aLDR:01850nam#a2200445#a#4500
=998  \\$b008:110824s1775####fr############000#0#fre#d

