=LDR  01364cam a2200409 a 4500
=001  9947686530001701
=005  20170403035624.0
=008  760112s1775\\\\enk\\\\\\\\\\\000\0\eng\\
=010  \\$a   07040711 
=035  \\$a(Aleph)006078369UMN01
=035  \\$aMB5318
=035  \\$a(OCoLC)1921474
=040  \\$aDLC$edcrmb$cVWM$dOCLCQ$dOCLCG$dKRTAS$dMnU
=043  \\$an-us---
=050  \0$aE211$b.J693
=099  \9$a1775 Jo
=100  1\$aJohnson, Samuel,$d1709-1784.
=245  10$aTaxation no tyranny :$ban answer to the resolutions and address of the American Congress.
=250  \\$aThe third edition.
=260  \\$aLondon :$bPrinted for T. Cadell, in the Strand,$cMDCCLXXV [1775]
=300  \\$a2 unnumbered leaves, 91 pages ;$c21 cm (8vo)
=336  \\$atext$btxt$2rdacontent
=337  \\$aunmediated$bn$2rdamedia
=338  \\$avolume$bnc$2rdacarrier
=340  \\$m8vo$0http://rdaregistry.info/termList/bookFormat/1003
=500  \\$aPublished anonymously.
=510  4\$aSabin$c36303
=650  \0$aTaxation
=651  \0$aUnited States$xPolitics and government$y1775-1783.
=700  1\$aCadell, T.$q(Thomas),$d1742-1802,$ebookseller.
=926  \\$aMARS
=967  \\$ascs20170325
=968  \\$aRDA ENRICHED
=997  \\$a1921474
=998  \\$aLDR:01267cam#a2200385#a#4500
=998  \\$b008:760112s1775####enk###########000#0#eng##
=SID  \\$aZ39$bOCLC

