=LDR  02508nam a2200517 i 4500
=001  9965561000001701
=005  20170921163131.0
=008  870210m17541756enk\\\\\\\\\\\000\0\eng\\
=010  \\$a   10016940 
=035  \\$a(Aleph)003474159UMN01
=035  \\$a(MnU)notisAHZ5550
=035  \\$aMB20116
=035  \\$a(OCoLC)1003587086
=040  \\$aDLC$beng$erda$edcrmb$cPU$dMiU-L$dMnU-L$dMnU
=050  00$aJX2231$b.I5 1754
=100  1\$aRutherforth, T.$q(Thomas),$d1712-1771,$eauthor.
=245  10$aInstitutes of natural law :$bbeing the substance of a course of lectures on Grotius De jure belli et pacis, read in S. Johns College, Cambridge /$cby T. Rutherforth, D.D. F.R.S. ...
=264  \1$aCambridge [England] :$bprinted by J. Bentham, Printer to the University, for W. Thurlbourn, Bookseller in Cambridge, and sold by J. Beecroft in Lombard Street, and W. Innys in Pater-noster Row, London,$cMDCCLIV-MDCCLVI [1754-1756].
=300  \\$a2 volumes ;$c21 cm (8vo)
=336  \\$atext$btxt$2rdacontent
=337  \\$aunmediated$bn$2rdamedia
=338  \\$avolume$bnc$2rdacarrier
=340  \\$m8vo$0http://rdaregistry.info/termList/bookFormat/1003
=500  \\$aImprint, volume 2: Printed by J. Bentham, Printer to the University, for W. Thurlbourn, Bookseller in Cambridge, and sold by J. Beecroft in Lombard Street, and Mssrs.  Innys and Richardson in Pater-noster Row, London.
=500  \\$aPaging: volume 1: [16], 495, [1] pages; volume 2: [10], 692 pages.
=500  \\$aAdvertisement: final page in volume 1.
=500  \\$aSignatures: volume 1: pi⁸ A-2H⁸; volume 2: a⁴ b² (-b2) A-2U⁸ 2X²
=500  \\$aErrata in each volume preceding page 1.
=505  0\$avolume 1. The rights and obligations of mankind, considered as individuals -- volume 2. The rights and obligations of mankind, considered as members of civil societies.
=600  10$aGrotius, Hugo,$d1583-1645.$tDe jure belli ac pacis libri tres.
=650  \0$aWar (International law)
=650  \0$aInternational law.
=700  1\$aBentham, Joseph,$d-1778,$eprinter.
=700  1\$aThurlbourn, William,$d-1768,$ebookseller.
=700  1\$aBeecroft, John,$d-1779,$ebookseller.
=909  \\$acat$bMNU$c2017-07-25$dm-mccl
=913  \\$avb16
=926  \\$aMARS
=945  \\$aCAT$b1989-03-21$ngmd
=967  \\$ascs20170325
=968  \\$aRDA ENRICHED
=997  \\$a1003587086
=998  \\$aLDR:02397nam#a2200481#i#4500
=998  \\$b008:870210m17541756enk###########000#0#eng##
=999  99$aAHZ5550$bLL
=999  99$bLL

