=LDR  01839cam a2200421 a 4500
=001  9965643440001701
=005  20170406064204.0
=008  841217s1784\\\\it\abf\\\\\\\\000\0\ita\d
=035  \\$a(Aleph)006442710UMN01
=035  \\$aMB6317
=035  \\$a(OCoLC)220106974
=040  \\$aAU@$edcrmb$beng$cAU@$dOCLCQ$dMNU
=043  \\$af------$apo-----
=049  \\$aMNUA
=099  \9$a1784 Af
=245  02$aL'Africa divisa ne' suoi Regni, e Provincie con la descrizione delle recenti scoperte all' Est ... :$bornata inoltre di due Carte Geographiche per sua maggiore intelligenza.
=260  \\$aIn Venezia :$bPresso Antonio Zatta e Figli,$cMDCCLXXXIV [1784]
=300  \\$a2 volumes :$billustrations, maps ;$c23 cm (8vo)
=336  \\$atext$btxt$2rdacontent
=337  \\$aunmediated$bn$2rdamedia
=338  \\$avolume$bnc$2rdacarrier
=340  \\$m8vo$0http://rdaregistry.info/termList/bookFormat/1003
=500  \\$aVolume 1: viii, 3-304 pages, [1] folded leaf of plates; volume 2: vii, [3], 3-293, [3] pages, [2] folded leaves of plates.
=500  \\$aSignatures: volume 1: [star]⁴ A⁸ (-A1) B-T⁸; volume 2: [star]⁴ A-S⁸ T⁴.
=500  \\$aIncludes references to Australia and a map of Cook's first voyage and discoveries of Australia and New Zealand.
=510  4\$aFerguson,$c1
=651  \0$aAfrica$xDiscovery and exploration.
=651  \0$aAfrica$xDescription and travel$vEarly works to 1800.
=651  \0$aOceania$xDiscovery and exploration.
=651  \0$aAfrica$xHistory$yTo 1884.
=700  1\$aZatta, Antonio,$dactive 1757-1797,$epublisher.
=710  2\$aCollegio di S. Alessandro (Milan, Italy),$eformer owner.$5MnU
=926  \\$aMARS
=967  \\$ascs20170325
=968  \\$aRDA ENRICHED
=997  \\$a220106974
=998  \\$aLDR:01771cam#a2200397#a#4500
=998  \\$b008:841217s1784####it#abf########000#0#ita#d

