=LDR  02538cam a2200529 a 4500
=001  9965656460001701
=005  20170406064515.0
=008  800219s1783\\\\enkabf\\\\\\\\001\0\eng\d
=035  \\$a(Aleph)006442426UMN01
=035  \\$aMB2888
=035  \\$a(OCoLC)316434033
=040  \\$aNLE$edcrmb$beng$cNLE$dOCLCQ$dMNU
=043  \\$aa-io---
=049  \\$aMNUA
=050  \4$aDS646.1$b.M37 1783
=099  \9$a1783 Ma
=100  1\$aMarsden, William,$d1754-1836.
=245  14$aThe history of Sumatra :$bcontaining an account of the government, laws, customs, and manners of the native inhabitants, with a description of the natural productions, and a relation of the ancient political state of that island /$cby William Marsden.
=260  \\$aLondon :$bPrinted for the author, and sold by Thomas Payne and Son, Mew's-Gate; Benjamin White, Fleet-street; James Robson, New Bond-street; P. Elmsly, Strand; Leigh and Sotheby, York-street, Covent Garden; and J. Sewell, Cornhill,$cMDCCLXXXIII [1783]
=300  \\$aviii, 132, 135-375 pages, 7 unnumbered pages, 2 unnumbered leaves of plates, 1 folded :$billustrations, map ;$c28 cm (4to)
=336  \\$atext$btxt$2rdacontent
=337  \\$aunmediated$bn$2rdamedia
=338  \\$avolume$bnc$2rdacarrier
=340  \\$m4to$0http://rdaregistry.info/termList/bookFormat/1002
=500  \\$aPages 133-134 are omitted from the pagination; text and register are continuous.
=500  \\$aSignatures: b² (b2 signed b) c² B-5D²
=500  \\$aWith three final leaves of index and errata.
=500  \\$aPlates engraved by W. Harrison.
=510  4\$aESTC$cT093180
=650  \0$aEnglish imprints$vEarly works to 1800.
=650  \0$aNatural history$zIndonesia$zSumatra$vEarly works to 1800.
=651  \0$aSumatra (Indonesia)$xHistory$vEarly works to 1800.
=651  \0$aSumatra (Indonesia)$xCivilization$vEarly works to 1800.
=700  1\$aHarrison, William,$dapproximately 1750-1803,$eengraver.
=700  1\$aWhite, Benjamin,$dapproximately 1724-1794,$ebookseller.
=700  1\$aRobson, James,$d1733-1806,$ebookseller.
=700  1\$aElmsley, Peter,$d1734 or 1735-1802,$ebookseller.
=700  1\$aSewell, John,$d1733 or 1734-1802,$ebookseller.
=700  1\$aJohnson, Annabelle J.,$edonor.$5MnU
=710  2\$aT. Payne and Son,$ebookseller.
=710  2\$aLeigh and Sotheby,$ebookseller.
=926  \\$aMARS
=967  \\$ascs20170325
=968  \\$aRDA ENRICHED
=997  \\$a316434033
=998  \\$aLDR:02440cam#a2200505#a#4500
=998  \\$b008:800219s1783####enkabf########001#0#eng#d

