=LDR  02463cam a2200469 a 4500
=001  9965660590001701
=005  20170406064544.0
=008  851210m17831784au\abf\\\\\\\\000\0\ger\d
=035  \\$a(Aleph)006442616UMN01
=035  \\$aMB6318
=035  \\$a(OCoLC)13479760
=040  \\$aRBN$cRBN$dOCL$dOCLCG$dMnU
=041  1\$ager$hlat
=043  \\$as-py---
=050  00$aF2668$b.D64
=099  \9$a1783 Do
=100  1\$aDobrizhoffer, Martin,$d1717-1791.
=240  10$aHistoria de Abiponibus equestri, bellicosaque Paraquariae natione.$lGerman
=245  10$aGeschichte der Abiponer, eine berittenen und kriegerischen Nation in Paraguay :$bbereichert mit einer Menge Beobachtungen über die wilden Völkerschaften, Städte, Flüsse, vierfüssigen Thiere, Amphiben, Inseketen, merkwürdigsten Schlangen, Fische, Vog̈el, Baüme, Pflanzen, und andere Eigenschaften dieser Provinz /$cverfasst von Herrn Abbe Martin Dobrizhoffer ... ; aus dem Lateinischen übersetzt von A. Kreil.
=260  \\$aWien :$bBei Joseph Edlen von Kurzbek ...,$c1783-1784.
=300  \\$a3 volumes, illustrations (plates~|~|~ some folded), maps (folded plates) ;$c20 cm (8vo)
=336  \\$atext$btxt$2rdacontent
=337  \\$aunmediated$bn$2rdamedia
=338  \\$avolume$bnc$2rdacarrier
=340  \\$m8vo$0http://rdaregistry.info/termList/bookFormat/1003
=500  \\$a"Highly eulogized by Coleridge, Southey, Charles Lamb, Lowndes, and Brunet. It is almost the only work relating to this almost unknown tribe of Indians"--Sabin.
=500  \\$aTranslation by A. Kreil of: Historia de Abiponibus equestri, bellicosaque Paraquariae natione.
=500  \\$aVolume 1: [26], 564, [4], p., [5] leaves of plates (3 folded); volume 2: 603, [9] pages, [2] leaves of plates (1 folded); volume 3: 506, [8] pages, [2] folded leaves of plates.$5MnU
=500  \\$aErrata: volume 1: pages [1]-[4] of last group; volume 2: pages [6]-[8] of last group; volume 3: pages [7]-[8] of last group.$5MnU
=510  4\$aPalau y Dulcet (2nd ed.)$c74703;
=510  4\$aSabin$c20413.
=650  \0$aAbipon Indians.
=651  \0$aParaguay$xDescription and travel$vEarly works to 1800.
=700  1\$aKreil, A.,$etranslator.
=700  1\$aKurzbek, Joseph,$cEdlin von,$epublisher.
=926  \\$aMARS
=967  \\$ascs20170325
=968  \\$aRDA ENRICHED
=997  \\$a13479760
=998  \\$aLDR:02419cam#a2200445#a#4500
=998  \\$b008:851210m17831784au#abf########000#0#ger#d
=SID  \\$aZ39$bOCLC

