=LDR  01836nam a2200421 i 4500
=001  9965689620001701
=005  20170406064512.0
=008  130906m17851786fr\\\\\\\\\\\\000\0\fre\d
=035  \\$a(Aleph)006647373UMN01
=035  \\$aMB648
=035  \\$aMB649
=035  \\$a(OCoLC)857728243
=040  \\$aMNU$beng$erda$edcrmb$cMNU
=043  \\$ae-fr---
=049  \\$aMNUA
=050  04$aKJV130.L37$bE67 1785
=099  \9$a1785 Ep
=099  \9$a1786 Ep
=100  1\$aEprémesnil,$cM. d'$q(Jean-Jacques),$d1745-1794,$eauthor.
=245  10$aLettre circulaire de M. d'Eprémesnil a tous les membres du Conseil du roi au sujet d'une prédiction du sieur Tolendal contre l'arrêt du Parlement de Bourgogne ;$bSeconde lettre circulaire de M. d'Eprémesnil a tous les membres du Conseil du roi, jointe a celle du 21 février 1785.
=264  \1$aParis :$b[publisher not identified],$c[21 Février 1785-5 Juillet 1786?]
=300  \\$a2 volumes (1 leaf, 9 pages, 1 unnumbered page; 4 unnumbered pages) ;$c24 cm (4to)
=336  \\$atext$btxt$2rdacontent
=337  \\$aunmediated$bn$2rdamedia
=338  \\$avolume$bnc$2rdacarrier
=340  \\$m4to$0http://rdaregistry.info/termList/bookFormat/1002
=500  \\$aSignatures: pi1 A⁴ chi1; pi².
=500  \\$aIn volume 1 pi1 and chi1 are conjugates.
=600  10$aLally, Thomas-Arthur,$ccomte de,$d1702-1766$vTrials, litigation, etc.
=650  \0$aTrials (Treason)$zFrance$zParis.
=700  12$aEprémesnil,$cM. d'$q(Jean-Jacques),$d1745-1794.$tSeconde lettre circulaire de M. d'Eprémesnil a tous les membres du Conseil du roi.
=710  1\$aFrance.$bConseil du roi,$eaddressee.
=926  \\$aMARS
=967  \\$ascs20170325
=968  \\$aRDA ENRICHED
=997  \\$a857728243
=998  \\$aLDR:01797nam#a2200397#i#4500
=998  \\$b008:130906m17851786fr############000#0#fre#d

