=LDR  01873cam a2200481 i 4500
=001  9965706960001701
=005  20170406064603.0
=008  861111s1785\\\\sz\\\\\\\\\\\\000\0\fre\d
=010  \\$a   01024519 
=019  \\$a17377887
=035  \\$a(Aleph)006647371UMN01
=035  \\$aMB2107
=035  \\$a(OCoLC)14700510
=040  \\$aRQE$beng$erda$edcrmb$cRQE$dPAU$dOCLCG$dUMS$dGBVCP$dOCLCQ$dMNU
=043  \\$anwht---
=049  \\$aMNUA
=050  00$aF1921$b.G52
=050  04$aF1921$b.G52 1785
=084  \\$a14$2ssgn
=099  \9$a1785 Gi
=100  1\$aGirod-Chantrans, Justin,$d1750-1841,$eauthor.
=245  10$aVoyage d'un Suisse dans différentes colonies d'Amérique pendant la derniere guerre :$bavec une table d'observations météorologiques faites à Saint-Domingue.
=264  \1$aA Neuchatel :$bDe l'Imprimerie de la Société typographique,$cMDCCLXXXV [1785]
=300  \\$avii, 416 pages, 1 folded leaf ;$c22 cm (8vo)
=336  \\$atext$btxt$2rdacontent
=337  \\$aunmediated$bn$2rdamedia
=338  \\$avolume$bnc$2rdacarrier
=340  \\$m8vo$0http://rdaregistry.info/termList/bookFormat/1003
=500  \\$aRelates mainly to Haiti. Includes a description of Curacao and an account of the naval battle off Dominica, April 12, 1782.
=500  \\$aSignatures: pi⁴ A-2C⁸.
=500  \\$aHalf title.
=500  \\$aTitle page vignette, head- and tail-pieces.
=510  4\$aSabin$c27510.
=650  \0$aDominica, Battle of, 1782.
=651  \0$aWest Indies$xDescription and travel$vEarly works to 1800.
=651  \0$aHaiti$xDescription and travel$vEarly works to 1800.
=710  2\$aSociété typographique de Neuchâtel,$epublisher.
=926  \\$aMARS
=967  \\$ascs20170325
=968  \\$aRDA ENRICHED
=997  \\$a14700510
=998  \\$aLDR:01845cam#a2200457#i#4500
=998  \\$b008:861111s1785####sz############000#0#fre#d

