=LDR  02038nam a2200409Ii 4500
=001  9975341600201701
=005  20170921163617.0
=008  170818s1788\\\\fr\f\\\\\\\\\\000\0\fre\d
=035  MC$aMB1808
=035  \\$a(OCoLC)1001346268
=040  \\$aMNU$beng$erda$edcrmb$cMNU
=043  \\$aa-ii---
=049  \\$aMNUA
=100  1\$aCharpentier de Cossigny, David,$d1740-1801,$eauthor.
=245  00$aLes Indiens, ou Tipou-Sultan, fils d'Ayder-Aly, &c. :$bavec quelques particularités fur ce Prince, fur ses ambassadeurs en France, fur l' audience qui leur à éte donnée par Sa Majesté Louis XVI, à Versailles le 10 Août 1788 : précédées du précis d'une partie de l'Administration de M. Hastings, &c. :  & suivies de quelques détails relatifs aux événemens de la guerre de 1782 dans l'Inde, &c. &c.
=264  \1$aLondres [i.e., Paris?] :$bEt se trouve a Paris, chez Le Jay, Libraire, rue Neuve-des-Petits-Champs, au Grand Corneille,$c1788.
=300  \\$aviii, 227, [1] pages, [1] folded plate ;$c20 cm (8vo)
=336  \\$atext$btxt$2rdacontent
=337  \\$aunmediated$bn$2rdamedia
=338  \\$avolume$bnc$2rdacarrier
=340  \\$m8vo$0http://rdaregistry.info/termList/bookFormat/1003
=500  \\$aProbably printed in Paris.
=500  \\$aWith a half-title.
=500  \\$aSigned at end: Cossigny.
=500  \\$aSignatures:  A-O⁸ P⁴ (-P4)
=500  \\$aErrata: unnumbered page at end.
=510  4\$aEnglish Short Title Catalog,$cESTCT130612.
=501  \\$aWith: La vie et les aventures de Charles Muller, Allemand. à Cologne : Chez les Héritiers de Pierre Marteau, 1785.$5MnU
=600  10$aTipu Sultan, Fath ʻAli,$cNawab of Mysore,$d1753-1799.
=600  10$aHastings, Warren,$d1732-1818
=651  \0$aKarnataka (India)$xHistory.
=700  1\$aLe Jay, Edme-Jean,$dactive 18th century,$ebookseller.
=909  \\$acat$bMNU$c2017-08-18$dm-mccl$eori
=913  \\$avb16
=997  \\$a1001346268
=998  \\$aLDR:01906nam##2200373Ii#4500
=998  \\$b008:170818s1788####fr#f##########000#0#fre#d

