=LDR  02278cam a2200553Ii 4500
=001  9975341602501701
=005  20170921163605.0
=008  821202s1788\\\\ie\cf\\\\\\\\\000\0beng\d
=029  0\$aAU@$b000009803709
=035  \\$aMB2816
=035  \\$a(OCoLC)221347073
=040  \\$aAU@$beng$erda$edcrmb$cAU@$dOCLCQ$dOCLCF$dOCLCO$dOCL$dOCLCQ$dMNU
=043  \\$ae-uk-en$au-at---
=049  \\$aMNUA
=050  \4$aG246.C7
=082  04$a910.41$221
=100  1\$aKippis, Andrew,$d1725-1795,$eauthor.
=245  14$aThe life of Captain James Cook ... /$cby Andrew Kippis, D.D., F.R.S. and S.A.
=264  \1$aDublin :$bPrinted for Messrs. H. Chamberlain, W. Colles, R. Cross, W. Gilbert, W. Wilson, L. White, P. Byrne, P. Wogan, T. Stewart, J. Moore and B. Dornin,$cMDCCLXXXVIII [1788].
=300  \\$axvi, 527, [1] pages, [1] leaf of plates :$bportrait ;$c22 cm (8vo)
=336  \\$atext$btxt$2rdacontent
=337  \\$aunmediated$bn$2rdamedia
=338  \\$avolume$bnc$2rdacarrier
=340  \\$m8vo$0http://rdaregistry.info/termList/bookFormat/1003
=500  \\$aWith half title.
=500  \\$aSignatures: [A]-2L⁸
=500  \\$aPage no. 525 misnumbered 526.
=510  4\$aEnglish Short Title Catalog,$cT123902
=510  4\$aBeddie,$c34, 1964
=600  10$aCook, James,$d1728-1779$vEarly works to 1800.
=600  10$aCook, James,$d1728-1779
=650  \0$aExplorers$zEngland$vBiography$vEarly works to 1800.
=650  \0$aVoyages around the world$vEarly works to 1800.
=651  \0$aAustralia$xDiscovery and exploration$vEarly works to 1800.
=600  17$aCook, James,$d1728-1779.$2fast$0(OCoLC)fst00028644
=650  \7$aDiscoveries in geography$2fast$0(OCoLC)fst00894950
=650  \7$aExplorers.$2fast$0(OCoLC)fst00918556
=650  \7$aVoyages around the world.$2fast$0(OCoLC)fst01169326
=651  \7$aAustralia$2fast$0(OCoLC)fst01204543
=651  \7$aEngland$2fast$0(OCoLC)fst01219920
=655  \7$aBiography$2fast$0(OCoLC)fst01423686
=655  \7$aEarly works.$2fast$0(OCoLC)fst01411636
=700  1\$aChamberlaine, H.,$ebookseller.
=752  \\$aIreland$dDublin.
=909  \\$acat$bMNU$c2017-08-17$dm-mccl
=913  \\$avb16
=997  \\$a221347073
=998  \\$aLDR:02134cam##2200505Ii#4500
=998  \\$b008:821202s1788####ie#cf#########000#0beng#d

