=LDR  02091cam a2200421Ii 4500
=001  9975341613501701
=005  20170921163616.0
=008  790607s1788\\\\maub\\\\\\\\\\000\0\fre\\
=010  \\$a   02013495 
=035  \\$aMB6321
=035  \\$a(OCoLC)1003586861
=040  \\$aDLC$beng$erda$edcrmb$cTYC$dOCL$dOCLCQ$dUMS$dTOZ$dKRTAS$dOCLCQ$dOCLCO$dOCLCA$dMNU
=041  1\$afre$hita
=043  \\$an------$as------
=049  \\$aMNUA
=050  04$aE61$b.C29
=100  1\$aCarli, Gian Rinaldo,$d1720-1795.
=245  10$aLettres américaines :$bdans lesquelles on examine l'origine, l'etat civil, politique, militaire & religieux, les arts, l'industrie, les sciences, les mœurs, les usages des anciens habitans de l'Amérique : les grandes epoques de la nature, l'ancienne communication des deux hémisphères, & la dernière révolution qui a fait disparoître l'Atlantide : pour servir de suite aux Mémoires de D. Ulloa /$cPar M. le comte J.R. Carli ...  ; Avec des observations & additions du traducteur.
=264  \1$aA Boston, et se trouve a Paris :$bChez Buisson, Libraire, rue Haute-Feuille, Hôtel  de Coëtlosquet, No. 20,$cMDCCLXXXVIII [1788].
=300  \\$a2 volumes :$bfolded map ;$c21 cm (8vo)
=336  \\$atext$btxt$2rdacontent
=337  \\$aunmediated$bn$2rdamedia
=338  \\$avolume$bnc$2rdacarrier
=340  \\$m8vo$0http://rdaregistry.info/termList/bookFormat/1003
=500  \\$aFalse imprint; published at Paris, not Boston.
=500  \\$aTranslated by J.B. Lefebvre de Villebrune.
=500  \\$aHalf-title in both volumes.
=650  \0$aIndians$xAntiquities
=650  \0$aIndians$xOrigin.
=651  \0$aAmerica$xAntiquities.
=600  10$aPauw, Cornelius de,$d1739-1799.$tRecherches philosophiques sur les Américains.
=700  1\$aLefebvre de Villebrune, Jean-Baptiste,$d1732-1809,$etranslator.
=700  1\$aBuisson, François,$d1753-1814,$ebookseller.
=909  \\$acat$bMNU$c2017-08-22$dm-mccl
=913  \\$avb16
=997  \\$a1003586861
=998  \\$aLDR:01955cam##2200385Ii#4500
=998  \\$b008:790607s1788####maub##########000#0#fre##

