=LDR  01769nam a2200445Ii 4500
=001  9975362498901701
=005  20170921163626.0
=008  170824s1786\\\\enk\\\\\\z\\\f000\0\eng\d
=035  \\$aMB437
=035  \\$a(OCoLC)1001814831
=040  \\$aMNU$beng$erda$edcrmb$cMNU
=041  0\$aeng$afre
=043  \\$ae-uk---$ae-fr---
=049  \\$aMNUA
=050  \4$aAC4
=110  1\$aGreat Britain.
=240  10$aTreaties, etc.$gFrance,$d1786 September 26
=245  10$aTreaty of navigation and commerce between his Britannick Majesty and The Most Christian King :$bsigned at Versailles, the 26th of September, 1786 : published by Authority.
=264  \0$aLondon :$bprinted by T. Harrison and S. Brooke, in Warwick-Lane,$cMDCCLXXXVI [1786].
=300  \\$a50, [2] pages ;$c27 cm (4to)
=336  \\$atext$btxt$2rdacontent
=337  \\$aunmediated$bn$2rdamedia
=338  \\$avolume$bnc$2rdacarrier
=340  \\$m4to$0http://rdaregistry.info/termList/bookFormat/1002
=500  \\$aEnglish and French text in parallel columns.
=500  \\$aSignatures: A-N²
=500  \\$aMonogrammatic device of printers on t.p.; head and tail-pieces; initials.
=500  \\$aFinal [2] pages blank.
=510  4\$aEnglish short title catalogue,$cT4467.
=651  \0$aGreat Britain$vCommercial treaties.
=651  \0$aFrance$vCommercial treaties.
=651  \7$aFrance$2fast$0(OCoLC)fst01204289
=651  \7$aGreat Britain$2fast$0(OCoLC)fst01204623
=655  \7$aCommercial treaties.$2fast$0(OCoLC)fst01423724
=710  1\$aFrance.$tTreaties, etc.$gGreat Britain,$d1786 September 26.
=909  \\$acat$bMNU$c2017-08-24$dm-mccl$eori
=913  \\$avb16
=997  \\$a1001814831
=998  \\$aLDR:01620nam##2200397Ii#4500
=998  \\$b008:170824s1786####enk######z###f000#0#eng#d

