=LDR  01603cam a2200385Ii 4500
=001  9975362500601701
=005  20170921163627.0
=008  961216s1788\\\\enk\\\\\\\\\\f000\0\eng\d
=035  \\$aMB2660
=035  \\$a(OCoLC)940279867
=040  \\$aUEJ$beng$erda$edcrmb$cUEJ$dOCLCO$dMNU
=043  \\$ae-uk---
=049  \\$aMNUA
=050  14$aHB161$b.G64 no. 13581
=110  1\$aGreat Britain.$bParliament.$bHouse of Commons.$bCommittee on the Illicit Exportation of Wool, Live Sheep, Worsted, and Yarn.
=245  10$aReport from the Committee appointed to consider of the illicit exportation of wool, live sheep, worsted, and yarn (1786).
=246  18$aReport on illicit export of wool, 1788
=264  \0$a[London?] :$b[publisher not identified],$cprinted in the year MDCCLXXXVIII [1788].
=300  \\$a12 pages ;$c33 cm (fol.)
=336  \\$atext$btxt$2rdacontent
=337  \\$aunmediated$bn$2rdamedia
=338  \\$avolume$bnc$2rdacarrier
=340  \\$mfolio$0http://rdaregistry.info/termList/bookFormat/1001
=500  \\$aSignatures: [A]-C²
=510  4\$aGoldsmiths'-Kress library of economic literature,$cno. 13599.9.
=510  4\$aGoldsmiths'-Kress library of economic literature,$cno. 13581.
=650  \0$aWool industry$xLaw and legislation$zGreat Britain.
=650  \0$aSmuggling$zGreat Britain$xEarly works to 1800.
=650  \0$aSheep industry$zGreat Britain.
=651  \0$aGreat Britain$xCommerce.
=909  \\$acat$bMNU$c2017-08-24$dm-mccl
=913  \\$avb16
=997  \\$a940279867
=998  \\$aLDR:01472cam##2200349Ii#4500
=998  \\$b008:961216s1788####enk##########f000#0#eng#d

