=LDR  02035nam a2200409Ii 4500
=001  9975362599101701
=005  20170921163633.0
=008  170823s1786\\\\enk\\\\\\\\\\\001\0\eng\d
=035  \\$aMB460
=035  \\$a(OCoLC)1001721687
=040  \\$aMNU$beng$edcrmb$cMNU
=043  \\$ae-uk---$aas-----$aaz-----
=049  \\$aMNUA
=050  \4$aDS465
=110  1\$aGreat Britain.
=240  10$aLaws, etc. (Statutes relating to the East India Company)
=245  12$aA collection of statutes concerning the incorporation, trade, and commerce of the East India Company and the government of the British possessions in India, with the statutes of piracy :$bTo which ... are annexed, Lists of duties and drawbacks on the Company's trade, and of the Company's duties and charges on private trade; the by-laws, constitutions, rules and orders of the Company; and an abridgement of the Company's charters : with a copious index.
=264  \0$aLondon :$bprinted by Charles Eyre and Andrew Strahan, printers to the King's most excellent majesty,$cMDCCLXXXVI [1786].
=300  \\$a[6], 8, iv, [4], 400, 49, [19], lix pages ;$c33 cm (fol.)
=336  \\$atext$btxt$2rdacontent
=337  \\$aunmediated$bn$2rdamedia
=338  \\$avolume$bnc$2rdacarrier
=340  \\$mfolio$0http://rdaregistry.info/termList/bookFormat/1001
=500  \\$aDedication, to the Right Honourable Henry Dundas, signed by F. Russell.
=500  \\$aTitle-page vignette, tail-pieces.
=500  \\$aSignatures: pi² (A)² a-d² A-5H² [superscript pi] A-Q² R²(-R2) *a²(-*a2) (a)-(p)²
=610  20$aEast India Company
=651  \0$aGreat Britain$xCommerce$zEast Indies.
=651  \0$aGreat Britain$xCommercial policy$y18th century.
=700  1\$aRussell, Francis,$d-1795,$ecompiler.
=700  1\$aEyre, Charles,$eprinter.
=700  1\$aStrahan, Andrew,$d-1831$eprinter.
=909  \\$acat$bMNU$c2017-08-23$dm-mccl$eori
=913  \\$avb16
=997  \\$a1001721687
=998  \\$aLDR:01881nam##2200361Ii#4500
=998  \\$b008:170823s1786####enk###########001#0#eng#d

