=LDR  01726cam a2200373Ii 4500
=001  9975363407901701
=005  20170921163655.0
=008  930311s1784\\\\enk\\\\\\\\\\\000\0\eng\d
=029  0\$aAU@$b000009869990
=035  \\$aMB126
=035  \\$a(OCoLC)221659151
=040  \\$aAU@$beng$erda$edcrmb$cAU@$dOCLCO$dOCLCF$dOCLCQ$dOCL$dMNU
=049  \\$aMNUA
=082  04$a910.4$222
=100  1\$aCook, James,$d1728-1779
=245  14$aThe history of Capt. Cook's three voyages round the world :$bthe first  in the Endeavour, begun in the year 1768 and finished in 1771 : the second in the Resolution, accompanied by the Adventure, commanded by Capt. Furneau, begun in 1772 and finished in 1775 : and the third in the Resolution & Discovery, begun in 1776 and finished in 1780 : containing every interesting particular in the course of those voyages, and an account of the unfortunate death of Captain Cook.
=264  \0$aLondon :$bPrinted by Hodges & Pain,$cMDCCLXXXIV [1784].
=300  \\$a2 volumes ;$c18 cm (12mo)
=336  \\$atext$btxt$2rdacontent
=337  \\$aunmediated$bn$2rdamedia
=338  \\$avolume$bnc$2rdacarrier
=340  \\$m12mo$0http://rdaregistry.info/termList/bookFormat/1004
=510  4\$aESTC,$cn017489
=600  10$aCook, James,$d1728-1779$xTravel.
=650  \0$aVoyages around the world$y18th century.
=600  17$aCook, James,$d1728-1779.$2fast$0(OCoLC)fst00028644
=650  \7$aTravel$2fast$0(OCoLC)fst01155558
=650  \7$aVoyages around the world.$2fast$0(OCoLC)fst01169326
=648  \7$a1700-1799$2fast
=909  \\$acat$bMNU$c2017-08-28$dm-mccl
=913  \\$avb16
=997  \\$a221659151
=998  \\$aLDR:01598cam##2200337Ii#4500
=998  \\$b008:930311s1784####enk###########000#0#eng#d

