=LDR  03984cam a2200517Ii 4500
=001  9975363609901701
=005  20170921163641.0
=008  960302s1784\\\\enk\\\\\\\\\\\000\0\eng\d
=035  \\$aMB6446
=035  \\$a(OCoLC)34303178
=040  \\$aGZM$beng$erda$edcrmb$cGZM$dOCLCQ$dOCLCF$dOCLCO$dOCL$dMNU
=043  \\$ae-uk---$aa-ii---
=049  \\$aMNUA
=050  \4$aHB151
=110  1\$aGreat Britain.$bParliament.$bHouse of Commons.
=245  12$aA full and complete account of the debates in the House of Commons on Tuesday, November 18, Wednesday, December 17, Friday, December 19, Monday, December 22, and Wednesday, December 24, 1783 :$bcontaining the whole of the proceedings upon Mr. Fox's motion for leave to bring in the East India bill ; Mr. Baker's motion, declaring it a high crime and misdemeanor to report any opinion of his Majesty to influence the vote of the members ; Mr. Erskine's motion for a committee to take into consideration the state of the nation ; Mr. Baker's motion of adjournment ; on Earl Temple's resignation ; on the state of the nation ; Mr. Erskine's motion for addressing the Crown against dissolving Parliament ; on his Majesty's answer to the address ; Lord Beauchamps' motion for restraining the lords of the Treasury from giving their assent to the East-India Company's accepting bills without first stating their application to the House for that purpose ; and Earl of Surrey's motion respecting the Office of Chancellor of the Duchy of Lancaster ; to which is added his Majesty's answer to the address, the India Bill Amendments, and the blanks filled up ; together with correct lists of members who divided for the East-India bill, and also of the absentees upon the first reading.
=246  3\$aFull and complete account of the debates in the House of Commons
=264  \1$aLondon :$bPrinted for J. Stockdale, opposite Burlington-House, Piccadilly,$c1784.
=300  \\$a2 leaves, 212 pages ;$c23 cm (8vo)
=336  \\$atext$btxt$2rdacontent
=337  \\$aunmediated$bn$2rdamedia
=338  \\$avolume$bnc$2rdacarrier
=340  \\$m8vo$0http://rdaregistry.info/termList/bookFormat/1003
=500  \\$aDate of debates on Wednesday, Dec. 17th reads Thursday, Dec. 18, 1783: p. 38.
=500  \\$aContains full text of the bill (with amendments)--for "vesting the affairs of the East India Company in the hands of certain commissioners, for the benefit of the proprietors, and the public": pages 197-212.
=500  \\$aHalf-title: A full and complete account of the debates in the House of Commons.
=500  \\$aSignatures: [A]² B-2B⁴ 2C² 2D-2F⁴
=500  \\$aLaid in: 117*-122* pages, 1 unnumbered leaf, signed C⁴, containing "An Authentic list of the absentees on the first division on the East-India bill." List of members voting for and against the bill is not included in the library's copy.$5MnU
=501  \\$aBound with: A full and accurate account of the debates on the East-India bill, in the House of Lords, on Tuesday the 9th, on Monday the 15th, Tuesday the 16th, and Wednesday the 17th of December, 1783.$5MnU
=651  \0$aGreat Britain$xPolitics and government$y1760-1789$vSources.
=651  \0$aGreat Britain$xColonies$zIndia$xAdministration$y18th century$vSources.
=610  20$aEast India Company$xManagement$y18th century$vSources.
=610  27$aEast India Company$2fast$0(OCoLC)fst00537796
=650  \7$aBritish colonies.$2fast$0(OCoLC)fst01910374
=650  \7$aManagement$2fast$0(OCoLC)fst01007141
=650  \7$aPolitics and government$2fast$0(OCoLC)fst01919741
=651  \7$aGreat Britain$2fast$0(OCoLC)fst01204623
=651  \7$aIndia$2fast$0(OCoLC)fst01210276
=648  \7$a1700-1799$2fast
=655  \7$aSources.$2fast$0(OCoLC)fst01423900
=700  1\$aStockdale, John,$d1749?-1814,$ebookseller.
=909  \\$acat$bMNU$c2017-08-28$dm-mccl
=913  \\$avb16
=997  \\$a34303178
=998  \\$aLDR:03854cam##2200469Ii#4500
=998  \\$b008:960302s1784####enk###########000#0#eng#d

