=LDR  01784cam a2200457Ia 4500
=001  9975363888401701
=005  20170921163641.0
=008  960828s1785\\\\fr\\\\\\\b\\\\000\0\fre\d
=035  \\$aMB1003
=035  \\$a(OCoLC)145433376
=040  \\$aRPJCB$beng$edcrb$cRIBRL$dOCLCQ$dHBS$dOCLCO$dOCLCQ$dOCLCO$dOCLCQ$dMNU
=043  \\$ae-fr---$anw-----$an-us---
=049  \\$aMNUA
=050  \4$aHB161$b.G64 no. 12965.5
=110  1\$aFrance.$bParlement (Bordeaux)
=245  10$aLettre du parlement de Bordeaux au roi, :$bau sujet de l'arrêt du Conseil d'État, du 30 août 1784, concernant le commerce étranger dans les isles françaises de l'Amérique.
=260  \\$aA Paris. :$b[s.n.],$cM. DCC. LXXXV. [1785]
=300  \\$a60 p. ;$c17 cm. (12mo)
=336  \\$atext$btxt$2rdacontent
=337  \\$aunmediated$bn$2rdamedia
=338  \\$avolume$bnc$2rdacarrier
=340  \\$m12mo$0http://rdaregistry.info/termList/bookFormat/1004
=500  \\$aSignatures: A-E⁶.
=510  4\$aEcheverria & Wilkie. French image,$c785/39
=500  \\$aErrata, p. 60.
=504  \\$aIncludes bibliographical references.
=610  10$aFrance.$bConseil d'État.$tArrêt du 30 août 1784.
=651  \0$aFrance$xCommercial policy.
=651  \0$aBordeaux (France)$xCommerce.
=651  \0$aFrance$xColonies$xCommerce.
=651  \0$aWest Indies, French$xCommerce$zUnited States.
=651  \0$aUnited States$xCommerce$zWest Indies, French.
=610  14$aFrance.$tArrêt (1784 Aug. 30)
=653  \\$aImprint 1785
=710  1\$aFrance.$bSovereign (1774-1792 : Louis XVI)
=752  \\$aFrance$dParis.
=909  \\$acat$bMNU$c2017-08-30$dm-mccl
=913  \\$avb16
=997  \\$a145433376
=998  \\$aLDR:01657cam##2200421Ia#4500
=998  \\$b008:960828s1785####fr#######b####000#0#fre#d

