=LDR  05321cam a2200841 i 4500
=001  9975363898201701
=005  20170921163643.0
=008  920310s1784\\\\enkabcf\\\\\\\000\0\eng\\
=029  0\$aNZ1$b1172331
=035  \M$aMB2436
=035  \\$a(OCoLC)950915275
=040  \\$aNZ1$beng$erda$edcrmb$cNZWTU$dOCLCO$dOCLCF$dOCLCO$dOCLCQ$dOCLCO$dOCLCA$dMNU
=042  \\$anznb
=043  \\$au-at---$apo-----
=049  \\$aMNUA
=100  1\$aParkinson, Sydney,$d1745?-1771,$eauthor.
=245  12$aA journal of a voyage to the South Seas, in his Majesty's ship the Endeavour /$cfaithfully transcribed from the papers of the late Sydney Parkinson, Draughtsman to Sir Joseph Banks, Bart. in his Expedition with Dr. Solander round the World ; and embellished with twenty-nine views and designs, engraved by Capital Artists ; To which is now added, remarks on the preface, by the late John Fothergill, M.D.F.R.S. &c. And an appendix, Containing an Account of the Voyages of Commodore Byron, Captain Wallis, Captain Carteret, Monsieur Bougainville, Captain Cook, and Captain Clerke.
=246  17$aVoyage to the South Seas
=264  \1$aLondon :$bPrinted for Charles Dilly, in the Poultry and James Phillips, in George-Yard, Lombard-Street,$cMDCCLXXXIV [1784]
=300  \\$a[2], xxiii, [1], 22,212, [2], lxxi, [2], 214-353, [1] pages, XXVII, [1] leaves of plates :$billustrations, maps, portraits ;$c33 cm (4to)
=336  \\$atext$btxt$2rdacontent
=337  \\$aunmediated$bn$2rdamedia
=338  \\$avolume$bnc$2rdacarrier
=340  \\$m4to$0http://rdaregistry.info/termList/bookFormat/1002
=500  \\$aJournal of a voyage under the command of Captain James Cook.
=500  \\$aEdited by John Coakley Lettsom.
=500  \\$aAn abridgment of Cook's narratives of his second and third voyages is given in the appendix (pages [213]-353).
=500  \\$a"The preface to Sydney Parkinson's Journal was drawn up after his death, at the request of his brother, Stanfield Parkinson, the original editor, by the late Dr. Kenrick ..."--Page [ii].
=500  \\$aThe lengthy prefatory material is concerned with the quarrel between Banks and Stanfield Parkinson.
=500  \\$a"Embellished with twenty-nine views and designs, engraved by capital artists."
=500  \\$aWith errata leaf following page 212.
=500  \\$aDecorated headpieces and initials.
=500  \\$aIllustrations on watermarked paper (Heawood, 1823).
=500  \\$aIncludes vocabularies of the languages of Otaheite, New Zealand, New Holland, Savos and Sumatra etc.
=500  \\$aSignatures: [pi]² ( -[pi2]) a-c⁴ d-i² B-2D⁴ 2E², *2F-O⁴, 2F-Z⁴
=505  0\$aAdvertisement / John Coakley Lettsom -- Preface by the editor / Stanfield Parkinson -- Explanatory remarks on the preface to Sydney Parkinson's Journal of a voyage to the South-Seas / by John Fothergill -- Postscript -- A journal of a voyage to the South Seas, in his Majesty's ship the Endeavour / Sydney Parkinson -- Preface to the additional part -- Appendix. Containing an account of Captain Cooke's second voyage in his Majesty's ship the Resolution -- An abridgement of the narrative of a voyage performed by Captain Cook and Captain Clerke, in search of a North West passage ...
=510  4\$aMitchell Library, Sydney. Bibliography of Captain James Cook,$c714
=510  4\$aEnglish short title catalogue,$cT110808
=510  4\$aHolmes, M. Cook,$c49
=546  \\$aIncludes vocabularies of the languages of Otaheite, New Zealand, New Holland, Savoo, Sumatra, Madagascar and others.
=600  10$aParkinson, Sydney,$d1745?-1771$xTravel.
=600  10$aBanks, Joseph,$d1743-1820$xTravel.
=600  10$aSolander, Daniel Charles,$d1733-1782$xTravel.
=600  10$aCook, James,$d1728-1779$xTravel.
=610  20$aEndeavour (Ship)
=650  \0$aVoyages around the world$vEarly works to 1800.
=651  \0$aOceania$xDiscovery and exploration$xBritish.
=600  17$aBanks, Joseph,$d1743-1820.$2fast$0(OCoLC)fst01727157
=600  17$aCook, James,$d1728-1779.$2fast$0(OCoLC)fst00028644
=600  17$aParkinson, Sydney,$d1745?-1771.$2fast$0(OCoLC)fst00109128
=600  17$aSolander, Daniel Charles,$d1733-1782.$2fast$0(OCoLC)fst00109127
=610  27$aEndeavour (Ship)$2fast$0(OCoLC)fst00521446
=650  \7$aDiscovery and exploration, British.$2fast$0(OCoLC)fst01352751
=650  \7$aTravel$2fast$0(OCoLC)fst01155558
=650  \7$aVoyages around the world.$2fast$0(OCoLC)fst01169326
=651  \7$aOceania$2fast$0(OCoLC)fst01242982
=655  \7$aEarly works.$2fast$0(OCoLC)fst01411636
=655  \7$aIllustrated works$zEngland$y18th century.$2rbgenr
=655  \7$aWatermarks (Paper)$y18th century.$2rbpap
=655  \7$aCalf bindings (Binding)$y18th century.$2rbbin
=700  1\$aParkinson, Stanfield.
=700  1\$aFothergill, John,$d1712-1780.
=700  1\$aCook, James,$d1728-1779
=700  1\$aLettsom, John Coakley,$d1744-1815,$eeditor.
=700  1\$aDilly, Charles,$d1739-1807,$ebookseller.
=700  1\$aPhillips, James$c(Bookseller),$ebookseller.
=700  1\$aKenrick, W.$q(William),$d1725?-1779,$eeditor.
=752  \\$aEngland$dLondon.
=909  \\$acat$bMNU$c2017-08-29$dm-mccl
=913  \\$avb16
=997  \\$a950915275
=998  \\$aLDR:05215cam##2200805#i#4500
=998  \\$b008:920310s1784####enkabcf#######000#0#eng##

