=LDR  01508cam a2200409Ii 4500
=001  9975363990701701
=005  20170921163645.0
=008  930324s1787\\\\fr\\\\\\\\\\\\000\0\fre\d
=035  \\$aMB652
=035  \\$a(OCoLC)29351391
=040  \\$aCOO$beng$erda$edcrmb$cCOO$dOCL$dOCLCG$dOCLCQ$dOCLCO$dHBS$dMNU
=043  \\$ae-fr---
=049  \\$aMNUA
=050  \4$aHB161$b.G64 no. 13427.3
=100  1\$aEspagnac, Marc-René-Marie d'Amarzit de Sahuguet d',$d1752-1794.
=245  10$aPrécis pour les actionnaires de la Nouvelle Compagnie des Indes.
=264  \0$a[France] :$b[publisher not identified],$c[1787?]
=300  \\$a15, [1] pages ;$c20 cm (8vo)
=336  \\$atext$btxt$2rdacontent
=337  \\$aunmediated$bn$2rdamedia
=338  \\$avolume$bnc$2rdacarrier
=340  \\$m8vo$0http://rdaregistry.info/termList/bookFormat/1003
=500  \\$aCaption title.
=500  \\$aBy Marc-René-Marie d'Amarzit de Sahuguet d'Espagnac. Cf. Barbier.
=500  \\$aSignatures: A⁸
=510  4\$aMartin & Walter.$c4:2, 14262
=650  \0$aColonial companies$xNouvelle Compagnie des Indes$xHistory.
=650  \0$aFree trade$zFrance$vEarly works to 1800.
=651  \0$aFrance$xCommerce$vEarly works to 1800.
=651  \0$aFrance$xHistory$y18th century.
=610  20$aNouvelle Compagnie des Indes.
=650  \4$a1787.
=909  \\$acat$bMNU$c2017-08-31$dm-mccl
=913  \\$avb16
=997  \\$a29351391
=998  \\$aLDR:01383cam##2200373Ii#4500
=998  \\$b008:930324s1787####fr############000#0#fre#d

