=LDR  01788cam a2200469 a 4500
=001  9975363992701701
=005  20170921163647.0
=008  001213s1787\\\\fr\\\\\\\\\\\\000\0\fre\d
=010  \\$a  2014659075
=035  \\$aMB2046
=035  \\$a(OCoLC)913164166
=040  \\$aE8W$beng$edcrmb$cE8W$dDLC$dOCLCF$dOCLCO$dMNU
=042  \\$alccopycat
=043  \\$ae-fr---
=049  \\$aMNUA
=050  00$aJA36$b.P8b vol. 2
=100  1\$aFoache, Stanislas,$d1737-1806.
=245  10$aRéflexions sur le commerce, la navigation et les colonies.
=260  \\$a[Paris?] :$b[s.n.],$cMDCCLXXXVII [1787]
=300  \\$a[4], 64 p. ;$c25 cm (4to)
=336  \\$atext$btxt$2rdacontent
=337  \\$aunmediated$bn$2rdamedia
=338  \\$avolume$bnc$2rdacarrier
=340  \\$m4to$0http://rdaregistry.info/termList/bookFormat/1002
=500  \\$aAuthorship suggested by Echeverria, D. French image of America, v. 1, p. 640.
=500  \\$aImprint date from colophon.
=500  \\$aSignatures: pi² A-H⁴ (pi1 blank).
=510  4\$aSowerby, E.M. Catalogue of the Library of Thomas Jefferson,$centry 2538
=510  4\$aEcheverria, D. French image of America,$centry 787/23
=651  \0$aFrance$xColonies$xCommerce.
=651  \0$aWest Indies, French$xCommerce$zUnited States.
=651  \0$aUnited States$xCommerce$zWest Indies, French.
=650  \7$aCommerce$2fast$0(OCoLC)fst00869279
=650  \7$aFrench colonies.$2fast$0(OCoLC)fst01930852
=651  \7$aLesser Antilles$zWest Indies, French$2fast$0(OCoLC)fst01243267
=651  \7$aUnited States$2fast$0(OCoLC)fst01204155
=752  \\$aFrance$dParis.
=909  \\$acat$bMNU$c2017-08-31$dm-mccl
=913  \\$avb16
=997  \\$a913164166
=998  \\$aLDR:01666cam##2200433#a#4500
=998  \\$b008:001213s1787####fr############000#0#fre#d

