=LDR  01497cam a2200385 i 4500
=001  9975363998901701
=005  20170921163654.0
=008  961210s1815\\\\fr\\\\\\\\\\\\000\0\fre\d
=029  \\$aoc16885983
=035  \\$aMB20121
=035  \\$a(OCoLC)940206441
=040  \\$aUEJ$beng$erda$edcrmb$cUEJ$dOCLCO$dMNU
=043  \\$ae-fr---$aaw-----
=049  \\$aMNUA
=090  \\$aHB161$b.G64 no. 21212.12
=100  1\$aPerron, Pierre,$eauthor.
=245  10$aObservations particulières :$bsur le commerce du Levant avec Marseille.
=264  \0$a[Paris] :$b[J.-M. Eberhart, Imprimeur du Collége royal de France, Rue du Foin S. Jacques, n° 12],$c[1815]
=300  \\$a[1] leaf, 13, [1] pages ;$c24 cm (4to)
=336  \\$atext$btxt$2rdacontent
=337  \\$aunmediated$bn$2rdamedia
=338  \\$avolume$bnc$2rdacarrier
=340  \\$m4to$0http://rdaregistry.info/termList/bookFormat/1002
=500  \\$aSigned: Pierre Perron, Pierre Plasse, Pierre-Honoré Roux.
=500  \\$aSignatures: pi² (-pi2) A-B⁴ (-B4)
=500  \\$aImprint from colophon.
=510  4\$aGoldsmiths'-Kress library of economic literature,$cno. 21212.12.
=651  \0$aMarseille (France)$xCommerce$zMiddle East.
=651  \0$aMiddle East$xCommerce$zFrance$zMarseille.
=700  1\$aEberhart, J.-M.$q(Jean-Michel),$d1755-$eprinter.
=909  \\$acat$bMNU$c2017-08-30$dm-mccl
=913  \\$avb16
=997  \\$a940206441
=998  \\$aLDR:01370cam##2200349#i#4500
=998  \\$b008:961210s1815####fr############000#0#fre#d

