=LDR  01941nam a2200481Ii 4500
=001  9975364103301701
=005  20170921163655.0
=008  170831s1787\\\\fr\\\\\\ab\\\\001\0\fre\d
=035  \\$aMB1660
=035  \\$a(OCoLC)1002311280
=040  \\$aMNU$beng$erda$edcrmb$cMNU
=043  \\$ae-be---$ae-ne---
=049  \\$aMNUA
=050  \4$aHB161
=245  00$aRecueil des mémoires sur le commerce des Pays-Bas Autrichiens :$bsuivi d'un recueil complet des pièces relatives à la pêche nationale.
=246  3\$aSupplement au Recueil, partie du commerce
=264  \1$a[Paris] :$bDe l'Imprimerie des nations,$cMDCCLXXXVII [1787].
=300  \\$axvi, [iii]-viii, [9]-400 pages ;$c21 cm (8vo)
=336  \\$atext$btxt$2rdacontent
=337  \\$aunmediated$bn$2rdamedia
=338  \\$avolume$bnc$2rdacarrier
=340  \\$m8vo$0http://rdaregistry.info/termList/bookFormat/1003
=500  \\$aTitle on added title page: Supplement au Recueil. Partie du commerce.
=500  \\$aTitle page vignette, head- abd tail-pieces.
=504  \\$aIncludes bibliographical references and index.
=510  4\$aGoldsmiths'-Kress library of economic literature,$cno. 13332.14.
=650  \0$aFishery policy$zBelgium$xHistory.
=650  \0$aFishery policy$zNetherlands$xHistory.
=651  \0$aBelgium$xCommerce$xHistory.
=651  \0$aNetherlands$xCommerce$xHistory.
=651  \0$aNetherlands$xHistory$y18th century.
=651  \0$aBelgium$xHistory$y18th century.
=650  \7$aCommerce$2fast$0(OCoLC)fst00869279
=650  \7$aFishery policy.$2fast$0(OCoLC)fst00926264
=651  \7$aBelgium$2fast$0(OCoLC)fst01210278
=651  \7$aNetherlands$2fast$0(OCoLC)fst01204034
=648  \7$a1700-1799$2fast
=655  \7$aHistory.$2fast$0(OCoLC)fst01411628
=909  \\$acat$bMNU$c2017-08-31$dm-mccl$eori
=913  \\$avb16
=997  \\$a1002311280
=998  \\$aLDR:01787nam##2200433Ii#4500
=998  \\$b008:170831s1787####fr######ab####001#0#fre#d

