=LDR  01837cam a2200409Ii 4500
=001  9975364103401701
=005  20170921163655.0
=008  990517s1787\\\\fr\\\\\\\\\\\\000\0\fre\d
=035  \\$aMB1263
=035  \\$a(OCoLC)266080768
=040  \\$aTXA$beng$erda$edcrmb$cCUD$dOCLCF$dOCLCO$dOCLCQ$dMNU
=043  \\$amb-----$ae-fr---
=049  \\$aMNUA
=050  \4$aHB151
=100  1\$aPeyssonnel,$cM. de$q(Charles),$d1727-1790,$eauthor.
=245  10$aTraite sur le commerce de la mer Noire /$cpar M. de Peyssonel, ancien consul-général de France à Smirne, associé des Académies de Marseille, de Lyon & Dijon, membre honoraire de celle des Antiquités de Cassel, & correspondant de l'Académie Royale des Inscriptions & Belles-Lettres de Paris.
=264  \1$aA Paris :$bChez Cuchet, Libraire, rue & hôtel Serpente,$cMDCCLXXXVII [1787].
=300  \\$a2 volumes ;$c22 cm (8vo)
=336  \\$atext$btxt$2rdacontent
=337  \\$aunmediated$bn$2rdamedia
=338  \\$avolume$bnc$2rdacarrier
=340  \\$m8vo$0http://rdaregistry.info/termList/bookFormat/1003
=500  \\$aTitle page vignettes, head- and tail-pieces.
=510  4\$aGoldsmiths'-Kress library of economic literature,$cno. 13414
=650  \0$aExports$zUkraine$zBlack Sea Lowland.
=651  \0$aFrance$xCommerce$zUkraine$zBlack Sea Lowland.
=651  \0$aBlack Sea Lowland (Ukraine)$xCommerce$zFrance.
=650  \7$aCommerce$2fast$0(OCoLC)fst00869279
=650  \7$aExports$2fast$0(OCoLC)fst00918764
=651  \7$aBlack Sea Region$2fast$0(OCoLC)fst01342390
=651  \7$aFrance$2fast$0(OCoLC)fst01204289
=700  1\$aCuchet, Gaspard-Joseph,$d1750-1833,$ebookseller.
=909  \\$acat$bMNU$c2017-08-31$dm-mccl
=913  \\$avb16
=997  \\$a266080768
=998  \\$aLDR:01682cam##2200361Ii#4500
=998  \\$b008:990517s1787####fr############000#0#fre#d

