=LDR  02501cam a2200493Mi 4500
=001  9975364105301701
=005  20170921163656.0
=008  861022s1784\\\\ie\bcf\\\\\\\\000\0\eng\d
=035  \\$aMB6335
=035  \\$a(OCoLC)23643088
=040  \\$aEYM$beng$erda$edcrmb$cEYM$dOCLCQ$dGZM$dOCLCQ$dOCLCG$dOCLCQ$dOCLCA$dOCLCF$dOCLCQ$dOCLCO
=041  1\$aeng$hfre
=043  \\$aas-----$aaz-----$an------$as------
=049  \\$aMNUA
=050  \4$aD22$b.R273 1784
=100  1\$aRaynal,$cabbé$q(Guillaume-Thomas-François),$d1713-1796,$eauthor.
=240  10$aHistoire philosophique et politique des établissements et du commerce des Européens dans les Indes.$lEnglish.
=245  12$aA philosophical and political history of the settlements and trade of the Europeans in the East and West Indies /$crevised, augmented and published in ten volumes by the Abbé Raynal ; newly translated from the French by J.O. Justamond ; with a new set of maps, elegant engravings adapted to the work, and a copious index ; in six volumes.
=264  \1$aDublin :$bprinted for John Exshaw, Grafton Street, and Luke White, Dame Street,$cMDCCLXXXIV [1784].
=300  \\$a6 volumes, VII, [5] leaves of plates (4 folded) :$bengraved illustrations, portrait, folded maps ;$c22 cm (8vo)
=336  \\$atext$btxt$2rdacontent
=337  \\$aunmediated$bn$2rdamedia
=338  \\$avolume$bnc$2rdacarrier
=340  \\$m8vo$0http://rdaregistry.info/termList/bookFormat/1003
=510  4\$aEnglish short title catalogue,$cT125367.
=650  \0$aColonization$xHistory$vEarly works to 1800.
=650  \0$aCommerce$xHistory$vEarly works to 1800.
=651  \0$aEast Indies$vEarly works to 1800.
=651  \0$aWest Indies$vEarly works to 1800.
=651  \0$aAmerica$xDiscovery and exploration$vEarly works to 1800.
=650  \7$aColonization$2fast$0(OCoLC)fst00868483
=650  \7$aCommerce$2fast$0(OCoLC)fst00869279
=650  \7$aDiscoveries in geography$2fast$0(OCoLC)fst00894950
=651  \7$aAmerica$2fast$0(OCoLC)fst01239786
=651  \7$aAsia$zEast Indies$2fast$0(OCoLC)fst01245117
=655  \7$aHistory.$2fast$0(OCoLC)fst01411628
=700  1\$aJustamond, J. O.$q(John Obadiah),$d-1786,$etranslator.
=700  1\$aExshaw, J.$q(John),$d1750 or 1751-1827,$ebookseller.
=700  1\$aWhite, Luke,$c(bookseller),$ebookseller.
=909  \\$acat$bMNU$c2017-08-30$dm-mccl
=913  \\$avb16
=997  \\$a23643088
=998  \\$aLDR:02374cam##2200457Mi#4500
=998  \\$b008:861022s1784####ie#bcf########000#0#eng#d

