=LDR  03201nam a2200529Ii 4500
=001  9975364108301701
=005  20170921163658.0
=008  170829s1784\\\\fr\\\\\\\\\\\f000\0\fre\d
=035  \\$aMB127
=035  \\$a(OCoLC)1002133996
=040  \\$aMNU$beng$erda$edcrmb$cMNU
=041  1\$afre$heng
=043  \\$an-cn-nf
=049  \\$aMNUA
=050  \4$aVK989
=245  00$aInstructions nautiques, relatives aux cartes & plans du pilote de Terre-Neuve :$bpublié au Dépôt général des cartes, plans & journaux de la Marine, en 1784; pour l'usage des vaisseaux du roi & des bâtimens particuliers employés à la pèche. Extraites du recueil de divers mémoires anglois, intitulé: Sailing directions for the North american pilot; traduites & imprimées par ordre du roi, sous le ministère de M. le Maréchal de Castries, ministre & secrétaire d'état ayant le Département de la marine & des colonies.
=246  3\$aInstructions nautiques relatives aux cartes et plans du pilote de Terre-Neuve
=264  \1$aA Paris, :$bDe l'Imprimerie royale,$cMDCCLXXXIV [1784].
=300  \\$a[4], xxiv, 80, 26, [2], 32, 28 p. ;$c26 cm (4to)
=336  \\$atext$btxt$2rdacontent
=337  \\$aunmediated$bn$2rdamedia
=338  \\$avolume$bnc$2rdacarrier
=340  \\$m4to$0http://rdaregistry.info/termList/bookFormat/1002
=500  \\$aThe "Pilote de Terre-Neuve" here described was copied and translated from Capt. James Cook's North American pilot. The sailing directions were also translated from the English of Cook and others.
=500  \\$aIn four parts, separately paged, each with half title, and colophon reading: A Paris, de l'Imprimerie royale. 1784.
=500  \\$aContains tables of latitude and longitude; no map is bound in or issued with this volume.
=505  0\$aExposé  des cartes et plans qui composent le pilote de terre-neuve -- I. Instructions pour naviguer sur la côte méridionale de Terre-Neuve -- II. Instructions pour naviguer sur la côte occidentale de Terre-Neuve -- III. Instructions pour naviguer sur la côte septentrionale de Terre-Neuve -- IV. Instructions pour naviguer sur la côte orientale de Terre-Neuve.
=500  \\$aSignatures: pi² a-c⁴ A-K⁴; A-C⁴ D²; A-D⁴; A-C⁴ D².
=500  \\$aWoodcut printer's ornament on title page; head and tail pieces.
=510  4\$aSabin$c34862
=510  4\$aPolak, J. Bibliographie maritime française,$c4575
=650  \0$aNavigation$zNewfoundland and Labrador.
=650  \0$aPilot guides$zNewfoundland and Labrador.
=650  \7$aNavigation$2fast$0(OCoLC)fst01035085
=651  \7$aNewfoundland and Labrador$2fast$0(OCoLC)fst01296050
=653  \\$aImprint 1784
=700  1\$aCook, James,$d1728-1779
=700  1\$aCastries, Scipion de,$d1756-approximately 1830.
=710  1\$aFrance.$bSovereign (1774-1792 : Louis XVI)
=710  1\$aFrance.$bDépôt des cartes et plans de la marine.
=740  0\$aSailing directions for the North American pilot.
=752  \\$aFrance$dParis.
=909  \\$acat$bMNU$c2017-08-29$dm-mccl$eori
=913  \\$avb16
=997  \\$a1002133996
=998  \\$aLDR:03050nam##2200481Ii#4500
=998  \\$b008:170829s1784####fr###########f000#0#fre#d

