=LDR  03349nam a2200661Ii 4500
=001  9975388606301701
=005  20181027165545.0
=008  170901s1787\\\\fr\abf\\\b\\\\001\0\fre\\
=035  \\$aMB4405
=035  \\$a(OCoLC)1002637148
=040  \\$aMNU$beng$erda$edcrmb$cMNU
=041  1\$afre$hswe
=043  \\$af-sa---
=049  \\$aMNUA
=050  \4$aDT826
=100  1\$aSparrman, Anders,$d1748-1820,$eauthor.
=240  10$aResa till Goda Hopps-udden.$lFrench
=245  10$aVoyage au Cap de Bonne-Espérance, et autour du monde avec le capitaine Cook, et principalement dans le pays des Hottentots et des Caffres /$cpar André Sparrman ... ; Avec cartes, figures et planches en taille douce ; Traduit par M. Le Tourneur.
=264  \1$aA Paris :$bChez Buisson, Libraire, Hôtel de Mesgrigny, rue des Poitevins, n°. 13,$cMDCCLXXXVII [1787]
=300  \\$a2 volumes, plates :$billustrations, map ;$c26 cm (4to)
=336  \\$atext$btxt$2rdacontent
=337  \\$aunmediated$bn$2rdamedia
=338  \\$avolume$bnc$2rdacarrier
=340  \\$m4to$0http://rdaregistry.info/termList/bookFormat/1002
=500  \\$aVolume 1: [4], xxi, [3], 478, [2] pages, VI, [2] leaves of plates (4 folded) ; volulme 2: [4], 462, [2] pages, IX leaves of plates.
=500  \\$a"Avec approbation, et privilége du roi."
=500  \\$aEach volume has individual title page and half title.
=500  \\$aWoodcut ornament on title page; text printed on watermarked paper.
=500  \\$aErrata: volume 1, page 478; volume 2, page 462.
=500  \\$aNoted in Bagnall.
=504  \\$aIncludes bibliographical references to New Zealand, and to Cook's second voyage, volume 1, pages 98-102.
=500  \\$aIncludes "Vocabulaire de la langue des Hottentots," pages 435-438, and "Vocabulaire de la langue des Caffres," pages 439-440.
=504  \\$aIncludes bibliographical references and index.
=510  4\$aBeddie, M.K. Cook,$c1280
=600  10$aSparrman, Anders,$d1748-1820$xTravel.
=650  \0$aVoyages around the world$vEarly works to 1800.
=650  \0$aNatural history$zSouth Africa$zCape of Good Hope$vPre-Linnean works.
=651  \0$aCape of Good Hope (South Africa)$xDiscovery and exploration$xSwedish$vEarly works to 1800.
=651  \0$aSouth Africa$xDiscovery and exploration$xSwedish$vEarly works to 1800.
=600  17$aSparrman, Anders,$d1748-1820.$2fast$0(OCoLC)fst00006917
=650  \7$aDiscovery and exploration, Swedish.$2fast$0(OCoLC)fst01352796
=650  \7$aNatural history.$2fast$0(OCoLC)fst01034268
=650  \7$aTravel$2fast$0(OCoLC)fst01155558
=650  \7$aVoyages around the world.$2fast$0(OCoLC)fst01169326
=651  \7$aSouth Africa$2fast$0(OCoLC)fst01204616
=651  \7$aSouth Africa$zCape of Good Hope$2fast$0(OCoLC)fst01213442
=655  \7$aEarly works.$2fast$0(OCoLC)fst01411636
=655  \7$aIllustrated works$zFrance$zParis$y18th century.$2rbgenr
=655  \7$aExploration literature.$2rbgenr
=655  \7$aWatermarks (Paper)$y18th century.$2rbpap
=700  1\$aLe Tourneur, P.$q(Pierre),$d1736-1788,$etranslator.
=700  1\$aBuisson, François,$d1753-1814.$eprinter.
=752  \\$aFrance$dParis.
=909  \\$acat$bMNU$c2017-09-01$dm-mccl$eori
=913  \\$avb16
=997  \\$a1002637148
=998  \\$aLDR:03201nam##2200613Ii#4500
=998  \\$b008:170901s1787####fr#abf###b####001#0#fre##

