=LDR  02197cam a2200505Ii 4500
=001  9975388608401701
=005  20170921163703.0
=008  850121s1787\\\\enk\\\\\\\\\\\000\0\fre\d
=029  0\$aAU@$b000002390518
=035  \\$aMB1805
=035  \\$a(OCoLC)220126665
=040  \\$aAU@$beng$erda$edcrmb$cAU@$dOCLCQ$dOCLCO$dOCLCQ$dOCLCF$dOCLCO$dMNU
=043  \\$af------$ae-fr---$ai------
=049  \\$aMNUA
=050  \4$aHB151
=082  04$a380/.10944$220
=245  00$aÉtat actuel de l'Inde :$bet considérations sur les établissements & le commerce de la France dans cette partie du monde, sur les améliorations dont ils sont susceptibles, & sur la meilleure maniere d'y faire le commerce.
=264  \1$aLondres, et se trouve à Paris :$bChez Madame veuve Laurent Prault, Libraire, quai des Augustins, no. 46,$c1787.
=300  \\$aiv, 224 pages ;$c21 cm (8vo)
=336  \\$atext$btxt$2rdacontent
=337  \\$aunmediated$bn$2rdamedia
=338  \\$avolume$bnc$2rdacarrier
=340  \\$m8vo$0http://rdaregistry.info/termList/bookFormat/1003
=500  \\$a"P.142-6 contains a description of New Holland, and of the sailing of the First Fleet"--Ferguson: v. 4 p.466.
=500  \\$aSignatures: pi², A-O⁸.
=500  \\$aTitle-page vignette.
=500  \\$aImprint is false, probably printed in Paris.
=500  \\$aErrata: pages 223-224.
=510  4\$aFerguson,$c21a
=651  \0$aFrance$xColonies$vEarly works to 1800.
=651  \0$aFrance$xCommerce$zAfrica$vEarly works to 1800.
=651  \0$aAfrica$xCommerce$zFrance$vEarly works to 1800.
=651  \0$aFrance$xCommerce$zIndia$vEarly works to 1800.
=651  \0$aIndia$xCommerce$zFrance$vEarly works to 1800.
=650  \7$aCommerce$2fast$0(OCoLC)fst00869279
=650  \7$aFrench colonies.$2fast$0(OCoLC)fst01930852
=651  \7$aAfrica.$2fast$0(OCoLC)fst01239509
=651  \7$aFrance$2fast$0(OCoLC)fst01204289
=651  \7$aIndia$2fast$0(OCoLC)fst01210276
=700  1\$aPrault, Laurent François,$d1712-1780,$ebookseller.
=909  \\$acat$bMNU$c2017-08-31$dm-mccl
=913  \\$avb16
=997  \\$a220126665
=998  \\$aLDR:02054cam##2200457Ii#4500
=998  \\$b008:850121s1787####enk###########000#0#fre#d

