=LDR  01911nam a2200505Ii 4500
=001  9975390907101701
=005  20180131125147.0
=008  170905s1787\\\\ne\\\\\\\b\\\\000\0\fre\d
=035  \\$aMB2845
=035  \\$a(OCoLC)1002887258
=040  \\$aMNU$beng$erda$edcrmb$cMNU
=043  \\$ae-fr---
=049  \\$aMNUA
=050  \4$aHB151$b.M35 1787
=100  1\$aSénac de Meilhan, Gabriel,$d1736-1803,$eauthor.
=245  10$aConsidérations sur les richesses et le luxe ...
=264  \1$aA Amsterdam, et se trouve, a Paris :$bChez la veuve Valade, rue des Noyers,$c1787.
=300  \\$aviii, 499, [5] pages ;$c20 cm (8vo)
=336  \\$atext$btxt$2rdacontent
=337  \\$aunmediated$bn$2rdamedia
=338  \\$avolume$bnc$2rdacarrier
=340  \\$m8vo$0http://rdaregistry.info/termList/bookFormat/1003
=500  \\$aAtttributed to Gabriel Sénac de Meilhan--Cf. National union catalog, pre-1956 imprints.
=500  \\$aTitle-page vignette, head- and tail-pieces.
=500  \\$aErrata at end of text.
=500  \\$aFinal unnumbered page blank.
=500  \\$aHalf-title included.
=500  \\$aSignatures: pi⁴ A-2H⁸ 2I⁴
=504  \\$aIncludes bibliographical references.
=510  4\$aBarbier, A.A. Dictionnaire des ouvrages anonymes (3. éd.),$cv. 1, 725.
=510  4\$aGoldsmiths'-Kress,$cno. 13327.
=650  \0$aWealth$zFrance.
=650  \0$aFinance$zFrance$xHistory.
=650  \0$aLuxury.
=650  \0$aWealth$xMoral and ethical aspects.
=650  \7$aFinance$2fast$0(OCoLC)fst00924349
=650  \7$aLuxury.$2fast$0(OCoLC)fst01004145
=650  \7$aWealth.$2fast$0(OCoLC)fst01172973
=651  \7$aFrance$2fast$0(OCoLC)fst01204289
=655  \7$aHistory.$2fast$0(OCoLC)fst01411628
=909  \\$acat$bMNU$c2017-09-05$dm-mccl$eori
=913  \\$avb16
=997  \\$a1002887258
=998  \\$aLDR:01793nam##2200469Ii#4500
=998  \\$b008:170905s1787####ne#######b####000#0#fre#d

