=LDR  01694cam a2200421Ii 4500
=001  9975390907601701
=005  20180131125147.0
=008  990325s1786\\\\fr\\\\\\\\\\\\000\0\fre\d
=035  \\$aMB2003
=035  \\$a(OCoLC)41034809
=040  \\$aNYP$beng$cNYP$dLWU$dOCLCO$dOCLCA$dOCLCQ$dOCLCO$dMNU
=043  \\$ae-fr---$aa-ii---$ae------$aa------
=049  \\$aMNUA
=110  1\$aBordeaux (France).$bChambre de commerce.
=245  10$aMémoire de la Chambre de commerce de Guienne, sur le privilege exclusif accordé a une nouvelle Compagnie des Indes /$cpar arrêt du Conseil d'état du roi, du quatorze avril 1785.
=264  \0$a[Paris?] :$b[printer not identified],$c1786.
=300  \\$a1 unnumbered leaf, 74 pages ;$c24 cm (4to.)
=336  \\$atext$btxt$2rdacontent
=337  \\$aunmediated$bn$2rdamedia
=338  \\$avolume$bnc$2rdacarrier
=340  \\$m4to$0http://rdaregistry.info/termList/bookFormat/1002
=500  \\$aTitle-page vignette, head-piece.
=500  \\$aSignatures: pi² (-pi2) A-I⁴ K² (-K2)
=510  4\$aKress library cat., B.$c1067
=610  20$aNouvelle Compagnie des Indes.
=610  10$aFrance.$bConseil d'État.$tArrêt du 14 avril 1785.
=650  \0$aGovernment monopolies$zFrance.
=650  \0$aFree trade$zFrance.
=651  \0$aIndia$xHistory$y18th century.
=651  \0$aEurope$xCommerce$zAsia$xHistory.
=651  \0$aGuyenne (France)$xPolitics and government.
=610  24$aCompagnie des Indes (formed 1785)
=650  \4$aCommerce, Colonial, French.
=909  \\$acat$bMNU$c2017-09-05$dm-mccl
=913  \\$avb16
=997  \\$a41034809
=998  \\$aLDR:01572cam##2200385Ii#4500
=998  \\$b008:990325s1786####fr############000#0#fre#d

