=LDR  01944cam a2200361Ii 4500
=001  9975391407001701
=005  20180131125204.0
=008  860808s1784\\\\enk\\\\\\\\\\\000\0\eng\d
=035  \\$aMB5099
=035  \\$a(OCoLC)17382427
=040  \\$aPAU$beng$erda$edcrmb$cPAU$dOCLCQ$dOCLCO$dMNU
=043  \\$ae-uk---$an-us---
=049  \\$aMNUA
=110  1\$aGreat Britain.$bParliament.$bHouse of Commons.
=245  12$aA state of the allegations and evidence produced :$band opinions of merchants and other persons given to the Committee of Council : extracted from their report of the 31st of May 1784, on His Majesty's order of reference of the 8th of March last, made upon the representation of the West-India planters and merchants, purporting to shew the distressed state of His Majesty's sugar colonies by the operation of His Majesty's Order in Council of the 2d of July 1783, and the necessity of allowing a free intercourse between the sugar colonies and the United States of America, in American bottoms.
=264  \1$a[London] :$b[publisher not identified],$cprinted in the year MDCCLXXXIV [1784].
=300  \\$a35, [1] pages (the last page blank) ;$c35 cm (fol.)
=336  \\$atext$btxt$2rdacontent
=337  \\$aunmediated$bn$2rdamedia
=338  \\$avolume$bnc$2rdacarrier
=340  \\$mfolio$0http://rdaregistry.info/termList/bookFormat/1001
=500  \\$aIssued as a Parliamentary paper, without a date giving the order to be printed.
=500  \\$aSignatures: [A]-I²
=500  \\$aTail-pieces.
=651  \0$aGreat Britain$xColonies$xCommerce$zUnited States.
=651  \0$aUnited States$xCommerce$zGreat Britain$zColonies.
=651  \0$aGreat Britain$xEconomic conditions$y18th century.
=650  \0$aSugar trade$zGreat Britain$xHistory.
=909  \\$acat$bMNU$c2017-09-06$dm-mccl
=913  \\$avb16
=997  \\$a17382427
=998  \\$aLDR:01815cam##2200325Ii#4500
=998  \\$b008:860808s1784####enk###########000#0#eng#d

