=LDR  01832nam a2200373Ii 4500
=001  9975393588601701
=005  20180131125218.0
=008  170915s1788\\\\be\af\\\\\\\\\000\0\fre\d
=035  \\$aMB6315
=035  \\$a(OCoLC)1003866398
=040  \\$aMNU$beng$erda$edcrmb$cMNU
=043  \\$ae-ne---
=049  \\$aMNUA
=245  00$aRecueil des représentations, protestations et réclamations faites à S. M. I. par les représentans & états des provinces des Pays-Bas Autrichiens :$bcontenant la Joyeuse Entrée, avec ses additions, edits & divers traités de Paix.
=264  \1$a[Belgium?] :$bde l'Imprimerie des Nations,$cMDCCLXXXVIII [1788].
=300  \\$a4 volumes, 3 leaves of plates :$billustrations ;$c20 cm (8vo)
=336  \\$atext$btxt$2rdacontent
=337  \\$aunmediated$bn$2rdamedia
=338  \\$avolume$bnc$2rdacarrier
=340  \\$m8vo$0http://rdaregistry.info/termList/bookFormat/1003
=500  \\$aSubtitles of parts 1 and 2 vary.
=500  \\$aPaging: Recueil 1, t.1: 256, 195, 304 pages; Recueil 1, t.2: 284, 191, [115]-236, 128 pages; Recueil 2, t.1: 167, 113-232, [3]-114, 236 pages; Recueil 2. t.2: 302, 280, 92, [189]-375 pages.
=500  \\$aIn recueil 1, t.2, second grouping, pages 189-191 are bound in following page 182.
=500  \\$aFrançois-Xavier de Feller identified as editor.--Bibliothek Verbund Bayern records in Connexion.
=500  \\$aErrata included.
=505  0\$a1. Recueil. Partie civile -- 2. Recueil. Partie ecclésiastique
=651  \0$aNetherlands$xHistory$y1648-1795.
=700  1\$aFeller, F.-X. de$q(François-Xavier),$d1735-1802,$eeditor.
=740  02$aJoyeuse entrée.
=909  \\$acat$bMNU$c2017-09-15$dm-mccl$eori
=913  \\$avb16
=997  \\$a1003866398
=998  \\$aLDR:01767nam#a2200337Ii#4500
=998  \\$b008:170915s1788####be#af#########000#0#fre#d

