=LDR  06083nam a2200853Ii 4500
=001  9975393604701701
=005  20180131125211.0
=008  170913m17881793fr\abef\\b\\\\001\0\fre\d
=035  \\$aMB5021
=035  \\$a(OCoLC)1003532777
=040  \\$aMNU$beng$erda$edcrmb$cMNU
=041  1\$afre$hger
=043  \\$ae-ru---$aac-----
=049  \\$aMNUA
=050  \4$aDK23
=100  1\$aPallas, Peter Simon,$d1741-1811$eauthor.
=240  10$aReise durch verschiedene Provinzen des russischen Reichs in einem ausführlichen Auszuge.$lFrench
=245  10$aVoyages de M.P.S. Pallas, en differentes provinces de l'empire de Russie, et dans l'Asie septentrionale /$ctraduits de l'allemand par M. Gauthier de la Peyronie, Commis des affaires etrangères ; cinq volumes in-4°, et un de planches.
=264  \1$aA Paris :$bChez Lagrange, libraire, rue Saint-Honoré, vis-à-vis le Palais-Royal,$cMDCCLXXXVIII-MDCCXCIII [1788-1793]
=264  \0$a[Paris] :$bDe l'imprimerie de la Veuve Ballard et fils, . . . rue des Mathurins.
=264  \0$a[Paris] :$bDe l'imprimerie de Demonville, rue Christine, n°. 12.
=300  \\$a5 volumes ;$c27 cm (4to) +$e1 volume (107 leaves of plates (30 folded) : illustrations, maps, plans, portraits ; 35 cm)
=336  \\$atext$btxt$2rdacontent
=337  \\$aunmediated$bn$2rdamedia
=338  \\$avolume$bnc$2rdacarrier
=340  \\$m4to$0http://rdaregistry.info/termList/bookFormat/1002
=500  \\$aOriginally published as author's Reise durch verschiedene Provinzen des russischen Reichs. St. Peterburg: gedruckt bey der kayserlichen Academie der Wissenschaften, 1771-1776.
=500  \\$aVolumes 1-5 contain the text; volume 6 contains the plates.
=500  \\$aSubtitle of volume 6: Tome sixième (planches): Contenant la carte générale de l'empire de Russie, d'après la nouvelle division de cet empire en quarante-deux gouvernemens : dix cartes géographiques : soixante-dix-sept planches de botanique : douze autres représentant des fourneaux, moulins, monumens, etc. : onze d'idoles et costumes : et onze autres d'animaux, d'histoire naturelle, d'hiéroglyphes, etc.
=500  \\$aPublisher varies. Volume 2 has imprint: Chez Maradan, libraire, hôtel de Château-Vieux, rue Saint-André-des-Arts, MDCCLXXXIX [1789]; volumes 3-6 have imprint: Chez Maradan, libraire, rue du Cimetière Saint-André-des-Arts, n°. 9, MDCCXCIII [1793].
=500  \\$a"De l'imprimerie de la Veuve Ballard et fils, imprimeurs due Roi, rue des Mathurins"--volume 1, colophon.
=500  \\$a"De l'imprimerie de Demonville, rue Chjristine, n°. 12"--volume 5, colophon.
=500  \\$aPagination: volume 1: [4], xxxii, 763, [3] pages ; volume 2: [4], 539, [1] pages ; volume 3: [4], 491, [1] pages ; volume 4: [4], 722, [2] pages ; volume 5: [4], 559, [1] pages ; volume 6: [4] pages, 107 leaves of plates (30 folded).
=500  \\$aIn volume 4, page 487 mislabelled 387, 619 mislabelled 119, and 669 mislabelled 969.
=500  \\$aWith half-title pages, with an untitled advertisement on the verso.
=500  \\$aWoodcut head- and tail-pieces and title page decorations.
=500  \\$aIncludes errata at end of text for volumes 3-5; errata for volume 1 on verso of volume 2 title-page.
=500  \\$aIn volume 5 with sectional title page: "Additions et éclaircissemens pour les Voyages de M. Pallas, tirés des journaux de MM. Gmélin neveu, Lépechin et Georgi, ses compagnons," pages [383]-488.
=500  \\$aThe illustrations in volume 6 include maps, plans, views, botanical studies, zoological studies, anthropological and costume studies, tools and implements, inscriptions. The plates are numbered using various methods.
=500  \\$aIncludes in volume 6 the large maps "Carte générale de l'empire de Russie 1787"; "Carte mineralogique des monts Ouralsks" and 4 smaller maps all engraved by P.F. Tardieu. Other illustrations engraved by Nicolas Thomas.
=504  \\$aIncludes bibliographical references.
=500  \\$aIndex to entire work in volume 5.
=546  \\$aFrench translation of German original.
=650  \0$aNatural history$zRussia (Federation)$vPre-Linnean works.
=650  \0$aNatural history$zAsiatic Russia$vPre-Linnean works.
=651  \0$aRussia (Federation)$xDescription and travel$vEarly works to 1800.
=651  \0$aAsiatic Russia$xDescription and travel$vEarly works to 1800.
=651  \0$aRussia (Federation)$xSocial life and customs$vEarly works to 1800.
=651  \0$aAsiatic Russia$xSocial life and customs$vEarly works to 1800.
=650  \0$aMines and mineral resources$zRussia (Federation)$vEarly works to 1800.
=650  \0$aMines and mineral resources$zAsiatic Russia$vEarly works to 1800.
=651  \0$aRussia (Federation)$vMaps$vEarly works to 1800.
=650  \7$aManners and customs$2fast$0(OCoLC)fst01007815
=650  \7$aMines and mineral resources$2fast$0(OCoLC)fst01022541
=650  \7$aNatural history.$2fast$0(OCoLC)fst01034268
=650  \7$aTravel$2fast$0(OCoLC)fst01155558
=651  \7$aAsia$zAsiatic Russia$2fast$0(OCoLC)fst01266496
=651  \7$aRussia (Federation)$2fast$0(OCoLC)fst01262050
=655  \7$aEarly works.$2fast$0(OCoLC)fst01411636
=655  \7$aMaps.$2fast$0(OCoLC)fst01423704
=700  1\$aGauthier de la Peyronie,$d1740?-1804,$etranslator.
=700  1\$aTardieu, P. F.$q(Pierre François),$d1757-1822,$eengraver.
=700  1\$aThomas, N.,$dapproximately 1750-approximately 1812,$eengraver.
=700  1\$aLagrange, Jean,$dactive 1782?-1791,$ebookseller.
=700  1\$aMaradan, Claude-François,$d1762-1823$ebookseller.
=700  1\$aBallard, Marie-Anne-Geneviève,$dactive 1765-1789,$eprinter.
=700  1\$aBallard, Pierre-Robert-Christophe,$d1744-1812,$eprinter.
=700  1\$aDemonville, Antoine Guénard,$d-1799,$eprinter.
=740  02$aAdditions et éclaircissemens pour les Voyages de M. Pallas.
=909  \\$acat$bMNU$c2017-09-13$dm-mccl$eori
=913  \\$avb16
=997  \\$a1003532777
=998  \\$aLDR:06099nam#a2200805Ii#4500
=998  \\$b008:170913m17881793fr#abef##b####001#0#fre#d

