=LDR  03399cam a2200637 i 4500
=001  9975393804001701
=005  20180131125224.0
=008  060921s1788\\\\enkbcf\\\\\\\\001\0\eng\\
=010  \\$a  2006584517
=029  1\$aAU@$b000009867602
=035  \\$aMB1284
=035  \\$a(OCoLC)2308490
=040  \\$aDLC$beng$erda$edcrmb$cDLC$dOCLCQ$dOCLCG$dAMAZN$dOL{dollar}$dOPU$dOCLCO$dOCLCA$dOCLCF$dOCLCQ$dOCLCO$dMNU
=041  1\$aeng$hfre
=043  \\$aa-io---$an------
=049  \\$aMNUA
=050  00$aD22$b.R26 1788
=082  04$a972.9$221
=100  1\$aRaynal,$cabbé$q(Guillaume-Thomas-François),$d1713-1796,$eauthor.
=240  10$aHistoire philosophique et politique des établissemens et du commerce des Européens dans les deux Indes.$lEnglish
=245  12$aA philosophical and political history of the settlements and trade of the Europeans in the East and West Indies /$crevised, augmented, and published, in ten volumes, by the abbé Raynal ; newly translated from the French, by J.O. Justamond ; with a new set of maps adapted to the work, and a copious index ; in eight volumes ; volume the first[-eighth].
=264  \1$aLondon :$bPrinted for A. Strahan, and T. Cadell, in the Strand,$cMDCCLXXXVIII [1788].
=300  \\$a8 volumes, [8] leaves of plates (7 folded) :$bmaps, portrait (engraving) ;$c23 cm. (8vo)
=336  \\$atext$btxt$2rdacontent
=337  \\$aunmediated$bn$2rdamedia
=338  \\$avolume$bnc$2rdacarrier
=340  \\$m8vo$0http://rdaregistry.info/termList/bookFormat/1003
=500  \\$aTranslation of: Histoire philosophique et politique des établissemens et du commerce des Européens dans les deux Indes.
=500  \\$aMaps by Thos. Kitchin, Senr., Hydrographer to his majesty; published by T. Cadell . . . May 1st, 1783.
=500  \\$aPortrait  in volume 1: Bannerman sculp.
=500  \\$aVolume 1: [8], 399, [1] pages, [3] leaves of plates; volume 2: [8], 432 pages, [1] leaf of plates; volume 3: [8] (first leaf blank), 426 pages, [1] leaf of plates; volume 4: [8], 523, [1] pages, [1] leaf of plates; volume 5: [8], 499, [1] pages, [1] folded leaf of plates; volume 6: [8], 520 pages; volume 7: [8], 564 pages, [1] leaf of plates; volume 8: [4], 374, [84] pages.
=510  4\$aESTC (RLIN)$cT171019
=510  4\$aSabin$c68089
=500  \\$aIndex for entire set in vollume 8.
=651  \0$aEast Indies.
=651  \0$aWest Indies.
=650  \0$aColonization$xHistory.
=650  \0$aCommerce$xHistory.
=651  \0$aAmerica$xDiscovery and exploration.
=650  \7$aColonization$2fast$0(OCoLC)fst00868483
=650  \7$aCommerce$2fast$0(OCoLC)fst00869279
=650  \7$aDiscoveries in geography$2fast$0(OCoLC)fst00894950
=651  \7$aAmerica$2fast$0(OCoLC)fst01239786
=651  \7$aAsia$zEast Indies$2fast$0(OCoLC)fst01245117
=651  \7$aWest Indies$2fast$0(OCoLC)fst01243265
=655  \7$aHistory.$2fast$0(OCoLC)fst01411628
=700  1\$aJustamond, J. O.$q(John Obadiah),$d-1786,$etranslator.
=700  1\$aKitchin, Thomas,$d1718-1784,$ecartographer.
=700  1\$aBannerman, Alexander,$dapproximately 1730- ,$eengraver.
=700  1\$aStrahan, Andrew,$d-1831,$ebookseller.
=700  1\$aCadell, T.$q(Thomas),$d1742-1802,$ebookseller.
=909  \\$acat$bMNU$c2017-09-14$dm-mccl
=913  \\$avb16
=997  \\$a2308490
=998  \\$aLDR:03322cam#a2200601#i#4500
=998  \\$b008:060921s1788####enkbcf########001#0#eng##

