=LDR  01348nam a2200325Ii 4500
=001  9975394100401701
=005  20180131125233.0
=008  170915s1788\\\\ne\\\\\\\\\\\\000\0\fre\d
=035  \\$aMB4942
=035  \\$a(OCoLC)1003997348
=040  \\$aMNU$beng$erda$edcrmb$cMNU
=043  \\$ae-ne---
=049  \\$aMNUA
=245  00$aRévolutions des Provinces-Unies sous l'étendard des divers stadhouders, suivies des anecdotes modernes, ou tableau historique, topographique & politique des Provinces-Unies, de leur commerce & possessions d'outre-mer, les causes des crises que cet état éprouve aujourd'hui.
=264  \1$aÀ Nimegue :$b[publisher not identified],$c1788.
=300  \\$a3 volumes ;$c20 cm (8vo)
=336  \\$atext$btxt$2rdacontent
=337  \\$aunmediated$bn$2rdamedia
=338  \\$avolume$bnc$2rdacarrier
=340  \\$m8vo$0http://rdaregistry.info/termList/bookFormat/1003
=500  \\$aAttributed to: Josèph Mandrillon.
=500  \\$aTitle page vignettes, head- and tail-pieces.
=651  \0$aNetherlands$xHistory$y1648-1795
=651  \0$aNetherlands$xCommerce$y18th century.
=700  1\$aMandrillon, Joseph,$d1743-1794,$eauthor.
=909  \\$acat$bMNU$c2017-09-15$dm-mccl$eori
=913  \\$avb16
=997  \\$a1003997348
=998  \\$aLDR:01253nam#a2200289Ii#4500
=998  \\$b008:170915s1788####ne############000#0#fre#d

