=LDR  01854cam a2200481I  4500
=001  9975418857101701
=005  20180131125237.0
=008  771223s1789\\\\gw\\\\\\\\\\\\000\0\ger\\
=010  \\$a   19002213 
=029  1\$aAU@$b000027138533
=035  \\$aMB tba
=035  \\$a(OCoLC)3512681
=040  \\$aDLC$beng$cOCP$dTQG$dUMS$dNLGGC$dNYG$dUPM$dKRTAS$dOCLCF$dOCLCQ$dMNU
=043  \\$an-us---
=049  \\$aMNUA
=050  00$aE99.M9$bL8
=082  04$a970.3$bM831g
=084  \\$a11.55$2bcl
=100  1\$aLoskiel, George Henry,$d1740-1814.
=245  10$aGeschichte der mission der evangelischen brüder unter den Indianern in Nordamerika,$cdurch Georg Heinrich Loskiel.
=260  \\$aBarby [Barby an der Elbe, Germany],$bZu finden in den Brüdergemeinen,$aLeipzig,$bP.G. Kummer,$c1789.
=300  \\$a8 preliminary leaves, 783, [1] pages$c19 cm (8vo)
=336  \\$atext$btxt$2rdacontent
=337  \\$aunmediated$bn$2rdamedia
=338  \\$avolume$bnc$2rdacarrier
=340  \\$m8vo$0http://rdaregistry.info/termList/bookFormat/1003
=500  \\$aFraktur.
=500  \\$aSignatures: a⁸ A-3C⁸
=500  \\$aTitle vignette, head- and tail-pieces.
=500  \\$aErrata:  final unnumbered page.
=650  \0$aMoravian Indians$xMissions.
=650  \0$aIndians of North America$xMissions.
=610  20$aMoravian Church$xMissions$zUnited States.
=610  27$aMoravian Church.$2fast$0(OCoLC)fst00543188
=650  \7$aIndians of North America$xMissions.$2fast$0(OCoLC)fst00969849
=650  \7$aMissions$2fast$0(OCoLC)fst01023771
=650  \7$aMoravian Indians$xMissions.$2fast$0(OCoLC)fst01026115
=651  \7$aUnited States$2fast$0(OCoLC)fst01204155
=909  \\$acat$bMNU$c2017-09-26$dm-mccl
=913  \\$avb16
=997  \\$a3512681
=998  \\$aLDR:01753cam#a2200445I##4500
=998  \\$b008:771223s1789####gw############000#0#ger##

