=LDR  02155cam a2200481Ia 4500
=001  9975418870701701
=005  20180131125238.0
=008  920409s1789\\\\fr\\\\\\\\\\\\000\0\fre\d
=035  \\$aMB2035
=035  \\$a(OCoLC)26527955
=040  \\$aCOO$beng$cCOO$dOCLCG$dOCLCQ$dUMC$dOCLCA$dOCLCF$dOCLCQ$dOCL$dMNU
=043  \\$anwht---$ae-fr---
=049  \\$aMNUA
=050  \4$aK526.5
=100  1\$aCocherel, Nicolas-Robert,$cmarquis de,$d1741-1826.
=245  10$aDernière réponse de M. de Cocherel, député de S. Domingue, à Messieurs les députés du commerce.
=260  \\$aVersailles :$bBaudoin, imprimeur de l'Assemblée nationale, Avenue de Paris, no. 62,$c[1789?]
=300  \\$a16 pages ;$c19 cm (8vo)
=336  \\$atext$btxt$2rdacontent
=337  \\$aunmediated$bn$2rdamedia
=338  \\$avolume$bnc$2rdacarrier
=340  \\$m8vo$0http://rdaregistry.info/termList/bookFormat/1003
=500  \\$aCaption title.
=500  \\$aPublication information from colophon.
=500  \\$aSignatures: A⁸.
=510  4\$aMartin & Walter. Révolution française,$c7802
=650  \0$aFeed industry$zHaiti$vEarly works to 1800.
=650  \0$aFlour industry$zHaiti$vEarly works to 1800.
=651  \0$aFrance$xColonies$xCommerce$zFrance.
=650  \7$aCommerce$2fast$0(OCoLC)fst00869279
=650  \7$aFeed industry$2fast$0(OCoLC)fst00922403
=650  \7$aFlour industry$2fast$0(OCoLC)fst00927741
=650  \7$aFrench colonies.$2fast$0(OCoLC)fst01930852
=651  \7$aFrance$2fast$0(OCoLC)fst01204289
=651  \7$aHaiti$2fast$0(OCoLC)fst01205135
=655  \7$aPamphlets$zFrance$zVersailles$y1789.$2aat
=655  \7$aEarly works.$2fast$0(OCoLC)fst01411636
=776  08$iOnline version:$aCocherel, Nicolas-Robert, marquis de, 1741-1826.$tDernière réponse de M. de Cocherel, député de S. Domingue, à Messieurs les députés du commerce.$d[À Versailles : Chez Baudoin, imprimeur de l'Assemblée nationale, 1789?]$w(OCoLC)726763133
=909  \\$acat$bMNU$c2017-09-22$dm-mccl
=913  \\$avb16
=997  \\$a26527955
=998  \\$aLDR:02129cam#a2200433Ia#4500
=998  \\$b008:920409s1789####fr############000#0#fre#d

