=LDR  01636nam a2200397Ii 4500
=001  9975418883201701
=005  20180131125246.0
=008  170921s1789\\\\enk\\\\\\b\\\\000\0\fre\d
=035  \\$aMB1987
=035  \\$a(OCoLC)1004432668
=040  \\$aMNU$beng$erda$edcrmb$cMNU
=043  \\$ae-fr---$ae-uk---
=049  \\$aMNUA
=100  1\$aClicquot de Blervache, Simon,$d1723-1796,$eauthor.
=245  10$aConsiderations sur le traité de commerce entre la France et la Grande-Bretagne, du 26 Septembre 1786..
=264  \1$aLondres [i.e. Paris?] et se trouve a Paris :$bChez Prault, Imprimeur du Roi, quai des Augustins,$c1789.
=300  \\$a[2] leaves, 144, [2] pages, 1 folded leaf ;$c21 cm (8vo)
=336  \\$atext$btxt$2rdacontent
=337  \\$aunmediated$bn$2rdamedia
=338  \\$avolume$bnc$2rdacarrier
=340  \\$m8vo$0http://rdaregistry.info/termList/bookFormat/1003
=500  \\$aAnonymous. Attributed to Simon Clicquot de Blervache--Cf. ESTC.
=500  \\$aSignatures: pi² A-I⁸ chi² (-chi2)
=500  \\$aErrata at end.
=500  \\$aWith half title.
=500  \\$aTitle-page vignette, head- and tail-pieces.
=504  \\$aIncludes bibliographical references.
=510  4\$aEnglish short title catalogue,$cT148957.
=651  \0$aFrance$xCommercial treaties$vEarly works to 1800.
=651  \0$aGreat Britain$xCommercial treaties$vEarly works to 1800.
=700  1\$aPrault, Louis-François,$d1734-1806,$ebookseller.
=909  \\$acat$bMNU$c2017-09-21$dm-mccl$eori
=913  \\$avb16
=997  \\$a1004432668
=998  \\$aLDR:01522nam#a2200361Ii#4500
=998  \\$b008:170921s1789####enk######b####000#0#fre#d

