=LDR  02187cam a2200481 a 4500
=001  9975418905601701
=005  20180131125249.0
=008  840703s1789\\\\fr\\\\\\\\\\\\000\0\fre\\
=010  \\$a   09033580 
=035  \\$aMB4929
=035  \\$a(OCoLC)69173879
=040  \\$aDLC$beng$edcrmb$cDLC$dZCU$dOCLCO$dOCLCF$dOCLCA$dMNU
=043  \\$ae-fr---
=049  \\$aMNUA
=050  00$aJN2473.N4$bA5 1789
=110  1\$aNemours (France : Bailliage).$bAssemblée ballivale de Nemours.
=245  10$aProcès-verbal de l'Assemblée baillivale de Nemours pour la convocation des États-généraux :$bavec les cahiers des trois ordres.
=246  1\$iHalf titles:$aProcès-verbal et cahiers des trois ordre du bailliage de Nemours
=260  \\$aA Paris :$bChez Pierre J. Duplain ...,$c1789.
=300  \\$a2 v. ;$c20 cm (8vo)
=336  \\$atext$btxt$2rdacontent
=337  \\$aunmediated$bn$2rdamedia
=338  \\$avolume$bnc$2rdacarrier
=340  \\$m8vo$0http://rdaregistry.info/termList/bookFormat/1003
=500  \\$aCompiled by Pierre Samuel du Pont de Nemours.
=500  \\$aVol. 1: xx, 460 p.; v. 2: xxviij, 294 p.
=510  4\$aSowerby, E.M.  Catalogue of the library of Thomas Jefferson,$c2524
=505  0\$a(From title pages) Tome premier. Contenant le procès-verbal, le cahier du Clergé, celui de la Noblesse, & la première partie de celui du Tiers-état -- Tome second. Contenant la seconde & la troisième parties du cahier du Tiers-état.
=500  \\$aErrata: v. 1, p. 459-460; v. 2, p. 293-294.
=500  \\$aBookseller's advertisement: v. 1, p. [ii].
=651  \0$aFrance$xPolitics and government$y1774-1793.
=610  10$aFrance.$bÉtats généraux.
=610  17$aFrance.$bÉtats généraux.$2fast$0(OCoLC)fst00510275
=650  \7$aPolitics and government.$2fast$0(OCoLC)fst01919741
=651  \7$aFrance$2fast$0(OCoLC)fst01204289
=648  \7$a1774-1793$2fast
=700  1\$aDu Pont de Nemours, Pierre Samuel,$d1739-1817.
=752  \\$aFrance$dParis.
=909  \\$acat$bMNU$c2017-09-18$dm-mccl
=913  \\$avb16
=997  \\$a69173879
=998  \\$aLDR:02175cam#a2200445#a#4500
=998  \\$b008:840703s1789####fr############000#0#fre##

