=LDR  02777cam a2200553Ii 4500
=001  9975418976301701
=005  20180131125247.0
=008  841116m17861787enk\\\\\\\\\\\000\0\eng\d
=035  \\$aMB4773
=035  \\$a(OCoLC)11395349
=040  \\$aKFS$beng$erda$edcrmb$cKFS$dOCL$dOCLCQ$dOCLCG$dOCLCQ$dOCLCO$dOCLCF$dOCL$dMNU
=043  \\$aa-ii---$ae-uk---
=049  \\$aMNUA
=050  \4$aPN6161
=100  1\$aHastings, Warren,$d1732-1818$edefendant.
=240  10$aIndia courier extraordinary.$kAppendix
=245  10$aAppendix to the India courier extraordinary ;$bcontaining copies of all the papers laid before the Honourable House of Commons, by Mr. Morton, from the United Company of Merchants of England Trading to the East Indies, relative to Warren Hastings, Esq. late Governor General of Bengal &c.
=264  \1$a[London] :$b[publisher not identified],$cPrinted in the year MDCCLXXXVI [1786] [-1787]
=300  \\$a3 volumes ;$c30 cm (fol.)
=336  \\$atext$btxt$2rdacontent
=337  \\$aunmediated$bn$2rdamedia
=338  \\$avolume$bnc$2rdacarrier
=340  \\$mfolio$0http://rdaregistry.info/termList/bookFormat/1001
=500  \\$aVols. V-VI pub. 1787. An "Index to the first six volumes" [i.e. vol. I-II of the main work and vol. I-IV of the appendix] was issued in 1787 and is bound at the end of the last volume (as D997 v. 5 item 2).$5KU-S
=500  \\$aCompiled by Major Archibald Mitchell.
=600  10$aHastings, Warren,$d1732-1818$vTrials, litigation, etc.
=600  10$aHastings, Warren,$d1732-1818$xImpeachment.
=610  20$aEast India Company
=610  10$aBengal (India).$bGovernor-General (1774-1785 : Hastings)
=650  \0$aTrials (Misconduct in office)$zGreat Britain.
=650  \0$aImpeachments$zGreat Britain$vCases.
=650  \0$aGovernors general$zIndia$zBengal$xImpeachment.
=651  \0$aIndia$xHistory$yBritish occupation, 1765-1947
=600  17$aHastings, Warren,$d1732-1818$2fast$0(OCoLC)fst00153371
=610  27$aEast India Company$2fast$0(OCoLC)fst00537796
=611  27$aBritish Occupation of India (1765-1947)$2fast$0(OCoLC)fst01352145
=651  \7$aIndia$2fast$0(OCoLC)fst01210276
=648  \7$a1765-1947$2fast
=655  \7$aHistory.$2fast$0(OCoLC)fst01411628
=700  1\$aMitchell, Archibald,$ecompiler.
=700  1\$aMorton, Thomas,$dactive 1784-1792,$cSecy. of the East India Company.
=710  1\$aGreat Britain.$bParliament.$bHouse of Commons.$bCommittee for Managing the Impeachment of Mr. Hastings.
=710  1\$aGreat Britain.$bParliament.$bHouse of Commons$n(1784-1790)
=710  2\$aEast India Company
=909  \\$acat$bMNU$c2017-09-27$dm-mccl
=913  \\$avb16
=997  \\$a11395349
=998  \\$aLDR:02655cam#a2200517Ii#4500
=998  \\$b008:841116m17861787enk###########000#0#eng#d

