=LDR  01774cam a2200445Ii 4500
=001  9975418983901701
=005  20180131125302.0
=008  880607s1789\\\\fr\e\\\\\\\\\\000\0\fre\\
=010  \\$a   09030666 
=029  1\$aAU@$b000024323105
=035  \\$aMB5831
=035  \\$a(OCoLC)18045254
=040  \\$aDLC$beng$erda$edcrmb$cWAU$dDLC$dEUX$dWAU$dOCLCF$dOCLCQ$dOCLCO$dOCL$dOCLCA$dMNU
=043  \\$ae-fr---
=049  \\$aMNUA
=050  00$aDC163.4$b.A4 1788
=110  1\$aFrance.$bAssemblée des notables (1787-1788)
=245  10$aProcès-verbal de l'Assemblée de notables :$btenue à Versailles, en l'année M. DCCLXXXVIII.
=264  \1$aA Paris :$bl'Imprimerie royale,$cMDCCLXXXIX [1789].
=300  \\$a2 preliminary leaves, 505, [2] pages :$bplan ;$c27 cm (4to)
=336  \\$atext$btxt$2rdacontent
=337  \\$aunmediated$bn$2rdamedia
=338  \\$avolume$bnc$2rdacarrier
=340  \\$m4to$0http://rdaregistry.info/termList/bookFormat/1002
=500  \\$aTitle vignette, head- and tail-pieces.
=500  \\$aHalf title.
=500  \\$a"Liste des notables convoqués": pages 7-35.
=500  \\$aTwo leaves inserted between pages 472 and 473, the first a title page, with explanation on verso, and the second, the plan.
=500  \\$aSignatures: pi² A-3R⁴.
=651  \0$aFrance$xPolitics and government$y1774-1793.
=651  \0$aFrance$xHistory$yLouis XVI, 1774-1793.
=650  \7$aPolitics and government$2fast$0(OCoLC)fst01919741
=651  \7$aFrance$2fast$0(OCoLC)fst01204289
=648  \7$a1774-1793$2fast
=655  \7$aHistory.$2fast$0(OCoLC)fst01411628
=909  \\$acat$bMNU$c2017-09-25$dm-mccl
=913  \\$avb16
=997  \\$a18045254
=998  \\$aLDR:01689cam#a2200409Ii#4500
=998  \\$b008:880607s1789####fr#e##########000#0#fre##

