=LDR  02763cam a2200601Ia 4500
=001  9975418984001701
=005  20180131125302.0
=008  840830m17881789it\bf\\\\\\\\\000\0\ita\d
=029  1\$aGEBAY$b935622
=035  \\$aMB450
=035  \\$a(OCoLC)1016117552
=040  \\$aOKU$beng$edcrmb$cOKU$dOCLCQ$dOCLCG$dEYM$dOCLCQ$dOCLCF$dOCLCQ$dOCL$dOCLCO$dUEJ$dMNU
=043  \\$amb-----
=049  \\$aMNUA
=050  \4$aHF416$b.F7
=050  \4$aHF383$b.F67 1788
=100  1\$aFormaleoni, V. A.$q(Vincenzio Antonio),$d1752-1797.
=245  10$aStoria filosofica, e politica della navigazione, del commercio e delle colonie degli antichi nel Mar Nero /$cOpera di V.A. Formaleoni.
=246  15$aStoria filosofica, e politica delle colonie degli antichi nel Mar Nero
=260  \\$aVenezia :$bNella tipografia dell' autore,$cMDCCLXXXVIII-MDCCLXXXIX [1788-1789]
=300  \\$a2 volumes in 1, [1] folded leaf of plates :$bmap ;$c24 cm (8vo)
=336  \\$atext$btxt$2rdacontent
=337  \\$aunmediated$bn$2rdamedia
=338  \\$avolume$bnc$2rdacarrier
=340  \\$m8vo$0http://rdaregistry.info/termList/bookFormat/1003
=500  \\$aPagination: vol. 1: xvi, 302, [2] p.; vol. 2: [4], 400 p.
=500  \\$aEach volume has half-t.p.
=500  \\$aTitle vignette.
=500  \\$aHead- and tailpieces.
=500  \\$aWith printed shoulder notes.
=500  \\$a"Dissertazione sopra i fonti degli errori nell' aticha geografia del Mar Nero" (v. 2, p. [161]-400)--has divisional half-t.p.; pagination and register continuous.
=500  \\$aSignatures: vol. 1: a⁸ A-T⁸; vol. 2: pi² A-2B⁸ [{dollar}4 signed]. I3, vol. 1, mis-signed G3; R2, vol. 2, mis-signed R3.
=510  4\$aGoldsmiths' Lib. cat.,$c13599.6
=651  \0$aBlack Sea$xNavigation$xHistory$vEarly works to 1800.
=650  \0$aShipping$zBlack Sea$xHistory$vEarly works to 1800.
=651  \0$aBlack Sea$xDiscovery and exploration$xHistory$vEarly works to 1800.
=651  \0$aGreece$xColonies$xCommerce$vEarly works to 1800.
=651  \0$aRome$xColonies$xCommerce$vEarly works to 1800.
=650  \7$aCommerce$2fast$0(OCoLC)fst00869279
=650  \7$aDiscoveries in geography$2fast$0(OCoLC)fst00894950
=650  \7$aGreek colonies$2fast$0(OCoLC)fst01930854
=650  \7$aNavigation$2fast$0(OCoLC)fst01035085
=650  \7$aRoman colonies$2fast$0(OCoLC)fst01930865
=650  \7$aShipping.$2fast$0(OCoLC)fst01116352
=651  \7$aBlack Sea$2fast$0(OCoLC)fst01242937
=655  \7$aEarly works.$2fast$0(OCoLC)fst01411636
=655  \7$aHistory.$2fast$0(OCoLC)fst01411628
=752  \\$aItaly$dVenice.
=909  \\$acat$bMNU$c2017-09-25$dm-mccl
=913  \\$avb16
=997  \\$a1016117552
=998  \\$aLDR:02653cam#a2200565Ia#4500
=998  \\$b008:840830m17881789it#bf#########000#0#ita#d

