=LDR  01411nam a2200349Ii 4500
=001  9975418994901701
=005  20180131125253.0
=008  170920s1788\\\\enk\\\\\\\\\\\000\0\eng\d
=035  \\$aMB2650
=035  \\$a(OCoLC)1004395566
=040  \\$aMNU$beng$erda$edcrmb$cMNU
=043  \\$aa-ii---$ae-uk---
=049  \\$aMNUA
=050  \4$aHB161
=100  0\$aOfficer late in the company's service in Bengal,$eauthor.
=245  00$aRemarks upon Colonel Fullarton's "View of the English interests in India." /$cby An officer, late in the Company's service in Bengal.
=264  \1$aLondon :$bPrinted for John Stockdale, opposite Burlington-House, Piccadilly,$cMDCCLXXXVIII [1788].
=300  \\$a58 pages ;$c20 cm (8vo)
=336  \\$atext$btxt$2rdacontent
=337  \\$aunmediated$bn$2rdamedia
=338  \\$avolume$bnc$2rdacarrier
=340  \\$m8vo$0http://rdaregistry.info/termList/bookFormat/1003
=500  \\$aSignatures: A-G⁴ H² (-H2)
=600  10$aFullarton,$cColonel$q(William),$d1754-1808.$tView of the English interests in India.
=610  10$aGreat Britain.$bArmy$xColonial forces$zIndia.
=651  \0$aIndia$xHistory$yBritish occupation, 1765-1947
=700  1\$aStockdale, John,$d1749?-1814,$ebookseller.
=909  \\$acat$bMNU$c2017-09-20$dm-mccl$eori
=913  \\$avb16
=997  \\$a1004395566
=998  \\$aLDR:01264nam#a2200301Ii#4500
=998  \\$b008:170920s1788####enk###########000#0#eng#d

