=LDR  02966cam a2200577 a 4500
=001  9975418995001701
=005  20180131125253.0
=008  841201s1788\\\\enk\\\\\\\\\\\000\0\fre\\
=016  7\$a2721455R$2DNLM
=029  0\$aNLM$b2721455R
=035  \\$aMB5788
=035  \\$a(OCoLC)14857719
=040  \\$aNLM$beng$edcrb$cNLM$dTEU$dOCLCF$dOCLCQ$dOCLCO$dOCLCQ$dMNU
=043  \\$anwht---$an------
=049  \\$aMNUA
=050  14$aE143$b.B77
=060  00$aWZ 260$bB7675v 1788
=100  1\$aBourgeois, Nicolas Louis,$d1710-1776.
=245  10$aVoyages intéressans dans différentes colonies françaises, espagnoles, anglaises, & c :$bcontenant des observations importantes relatives à ces contrées; & un mémoire sur les maladies les plus communes à Saint-Domingue, leurs remèdes, & le moyen de s'en préserver moralement & phisiquement : avec des anecdotes singulières, qui n'avaient jamais été publiées /$cle tout rédigé & mis au jour, d'apre`s un grand nombre de manuscrits, par M.N.
=260  \\$aA Londres [i.e. Paris?] :$bEt se trouve a Paris, chez Jean-François Bastien,$cMDCCLXXXVIII [1788]
=300  \\$avii, [1] 407 [i.e. 507] p. ;$c20 cm. (8vo)
=336  \\$atext$btxt$2rdacontent
=337  \\$aunmediated$bn$2rdamedia
=338  \\$avolume$bnc$2rdacarrier
=340  \\$m8vo$0http://rdaregistry.info/termList/bookFormat/1003
=500  \\$aTaken by the editor, Pierre J.B. Nougaret (i.e. "M.N."), from the papers of "M. B*** [i.e. Bourgeois], mon oncle, de l'Académie de La Rochelle, secrétaire de la Chambre d'agriculture du Cap"--Avertissement de l'éditeur (p. v).
=500  \\$aWith a half-title.
=500  \\$aErrata: p. [vii].
=500  \\$a"Mémoire sur les maladies de Saint-Domingue" has a divisional title page on 2C5r; pagination and register are continuous.
=500  \\$aA false imprint? Possibly printed in Paris, based on printing evidence. Cf. Sabin.
=500  \\$aPage 507 is misnumbered 407.
=500  \\$aNot in ESTC.
=510  4\$aSabin$c6897
=510  4\$aBarbier, A.A. Ouvrages anonymes,$cIV, col. 1104
=510  4\$aBlake, J. NLM 18th cent.,$cp. 327
=563  \\$aNLM copy bound in contemporary mottled calfskin, with gilt tooled spine-panels, marbled endpapers, and all edges gilt and sprinkled.$5DNLM
=651  \0$aAmerica$xDescription and travel$y18th century.
=650  12$aTravel
=650  22$aDisease Outbreaks
=651  \2$aNorth America
=651  \2$aHaiti$xepidemiology
=650  \7$aTravel$2fast$0(OCoLC)fst01155558
=651  \7$aAmerica$2fast$0(OCoLC)fst01239786
=655  \2$aPopular Work
=700  1\$aNougaret, P. J. B.$q(Pierre Jean Baptiste),$d1742-1823,$eeditor.
=700  12$aBourgeois, Nicolas Louis,$d1710-1776.$tMémoire sur les maladies de Saint-Domingue.
=909  \\$acat$bMNU$c2017-09-20$dm-mccl
=913  \\$avb16
=997  \\$a14857719
=998  \\$aLDR:02973cam#a2200541#a#4500
=998  \\$b008:841201s1788####enk###########000#0#fre##

