=LDR  02871cam a2200529Ia 4500
=001  9975418999001701
=005  20180131125301.0
=008  790301s1788\\\\enkabf\\\\\\\\000\0\eng\d
=035  \\$aMB1131
=035  \\$a(OCoLC)4703352
=040  \\$aPAU$beng$cPAU$dOCL$dOCLCQ$dGZM$dKRTAS$dZNS$dOCLCQ$dOCLCO$dOCLCA$dOCLCQ$dOCLCO$dUEJ$dMNU
=043  \\$af-sl---
=049  \\$aMNUA
=050  \4$aDT516$b.M425
=082  04$a916.6$bM439
=100  1\$aMatthews, John,$clieutenant in the Royal Navy.
=245  12$aA voyage to the river Sierra-Leone, on the coast of Africa :$bcontaining an account of the trade and productions of the country, and of the civil and religious customs and manners of the people ; in a series of letters to a friend in England /$cby John Matthews, Lieutenant in the Royal Navy, during his residence in that country in the years 1785, 1786, and 1787 : with an additional letter on the subject of the African slave trade. Also, a chart of part of the coast of Africa, from Cape St. Ann, to the River Rionoonas ; with a view of the Island Bananas.
=246  30$aLetter on the subject of the African slave trade
=260  \\$aLondon :$bPrinted for B. White and Son, at Horace's Head Fleet-Street, and J. Sewell, Cornhill,$c1788.
=300  \\$aiv, 183, [1] pages (last page blank), [2] folded leaves of plates :$billustration, map ;$c22 cm (8°)
=336  \\$atext$btxt$2rdacontent
=337  \\$aunmediated$bn$2rdamedia
=338  \\$avolume$bnc$2rdacarrier
=340  \\$m8vo$0http://rdaregistry.info/termList/bookFormat/1003
=500  \\$aPagination error: p. 142 misprinted as 147.
=500  \\$a"View of the Island of Bananas" plate signed: Drawn on the site by Lieut. Matthews. Etch'd by Simpkins, 251 Strand, Temple Br.
=510  4\$aESTC$cT6213
=510  4\$aSabin,$c46888
=510  4\$aCox, E.G. Travel,$cv. 1, p. 387
=510  4\$aFerguson,$c32b
=500  \\$aSignatures: [A]² B-M⁸ N⁴.
=600  10$aMatthews, John,$clieutenant in the Royal Navy$xTravel$zSierra Leone.
=600  10$aMatthews, John,$clieutenant in the Royal Navy$xCorrespondence.
=651  \0$aSierra Leone$xDescription and travel$vEarly works to 1800.
=651  \0$aSierra Leone$xSocial life and customs$vEarly works to 1800.
=650  \0$aSlave trade$zAfrica$xHistory.
=655  \7$aEngravings$zEngland$zLondon$y1788.$2gmgpc
=655  \7$aPagination errors (Printing)$zEngland$zLondon$y1788.$2rbpri
=700  1\$aSewell, John,$d1733 or 1734-1802,$ebookseller.
=700  1\$aSimpkins, William,$dactive 18th century-19th century,$eengraver.
=700  1\$aMatthews, John,$clieutenant in the Royal Navy,$eillustrator.
=710  2\$aB. White and Son,$ebookseller.
=909  \\$acat$bMNU$c2017-09-19$dm-mccl
=913  \\$avb16
=997  \\$a4703352
=998  \\$aLDR:02756cam#a2200493Ia#4500
=998  \\$b008:790301s1788####enkabf########000#0#eng#d

