=LDR  02342cam a2200553Ii 4500
=001  9975419175301701
=005  20180131125251.0
=008  121008s1786\\\\fr\\\\\\\\\\\\000\0\fre\d
=035  \\$aMB1563
=035  \\$a(OCoLC)812196927
=040  \\$aIUL$beng$erda$edcrmb$cIUL$dOCLCO$dOCLCQ$dOCLCO$dOCLCF$dOCLCO$dOCL$dUEJ$dOCLCQ$dMNU
=043  \\$ae-fr---$aa-ii---
=049  \\$aMNUA
=050  \4$aDS462.5$b.L14
=082  04$a330.G62
=099  \9$a1786 La
=100  1\$aLacretelle, Pierre-Louis de,$d1751-1824,$eauthor.
=245  10$aMémoire a consulter, et consultation pour les négocians :$bfaisant le commerce des marchandises des Indes ; contre la nouvelle Compagnie des Indes.
=260  \\$a[Paris] :$b[De l'Imprimerie de Couturier],$c1786.
=300  \\$a91, 32 pages ;$c25 cm (4to)
=336  \\$atext$btxt$2rdacontent
=337  \\$aunmediated$bn$2rdamedia
=338  \\$avolume$bnc$2rdacarrier
=340  \\$m4to$0http://rdaregistry.info/termList/bookFormat/1002
=500  \\$aSigned: Lacretelle, Blonde.
=500  \\$aPublisher information from colophon.
=500  \\$aSignatures: pi² (-pi2) A-L⁴ M²; A-D⁴.
=500  \\$aHead-piece.
=500  \\$aErrata: title-page verso.
=500  \\$aIncludes tables.
=500  \\$aPieces justificatives : arrêt du Conseil d'Etat du Roi, portant établissement d'une nouvelle Compagnie des Indes : 32 p. at end.
=610  20$aNouvelle Compagnie des Indes.
=650  \0$aMerchants$xLegal status, laws, etc.$zFrance.
=651  \0$aFrance$xCommerce$zIndia$xHistory$y18th century$vSources.
=651  \0$aIndia$xCommerce$zFrance$xHistory$y18th century$vSources.
=610  27$aNouvelle Compagnie des Indes.$2fast$0(OCoLC)fst00582897
=650  \7$aCommerce$2fast$0(OCoLC)fst00869279
=650  \7$aMerchants$xLegal status, laws, etc.$2fast$0(OCoLC)fst01017066
=651  \7$aFrance$2fast$0(OCoLC)fst01204289
=651  \7$aIndia$2fast$0(OCoLC)fst01210276
=648  \7$a1700-1799$2fast
=655  \7$aHistory.$2fast$0(OCoLC)fst01411628
=655  \7$aSources.$2fast$0(OCoLC)fst01423900
=700  1\$aBlonde, André,$d1734-1794,$eauthor.
=700  1\$aCouturier, Pierre-Denis,$d-1811,$ebookseller.
=909  \\$acat$bMNU$c2017-09-29$dm-mccl
=997  \\$a812196927
=998  \\$aLDR:02256cam#a2200517Ii#4500
=998  \\$b008:121008s1786####fr############000#0#fre#d

