=LDR  02486cam a2200529Ii 4500
=001  9975419175401701
=005  20180131125251.0
=008  810917s1786\\\\enk\\\\\\\\\\\000\0\eng\d
=019  \\$a16114048
=035  \\$aMB2155
=035  \\$a(OCoLC)7766080
=040  \\$aIPL$beng$erda$edcrmb$cIPL$dINU$dOCLCG$dOKU$dOCLCQ$dIPL$dOCLCQ$dOCLCF$dOCLCO$dUEJ$dMNU
=043  \\$ae-uk---$ae-fr---
=049  \\$aMNUA
=050  \4$aHD9901.5$b.T5 1786
=082  04$a338.4767731$bT437w
=099  \9$a1786 Ma
=100  0\$aR. J.,$cwoollen draper,$eauthor.
=245  12$aA woollen draper's letter on the French treaty :$bto his friends and fellow tradesmen all over England.
=264  \1$aLondon :$bPrinted for the author and sold by J. French, bookseller, no. 164, Fenchurch-Street, by the booksellers near the Royal Exchange, Pater-Noster-Row, Fleet-Street, &c. &c. &c.,$cMDCCLXXXVI [1786].
=300  \\$a[4], 48 pages ;$c20 cm (8vo)
=336  \\$atext$btxt$2rdacontent
=337  \\$aunmediated$bn$2rdamedia
=338  \\$avolume$bnc$2rdacarrier
=340  \\$m8vo$0http://rdaregistry.info/termList/bookFormat/1003
=510  4\$aRLG's Eureka English Short Title Catalogue WWW page,$cPAUG85-B22640
=500  \\$aSigned on p. 40: R.J., woollen draper.
=500  \\$aSometimes attributed to Lieutenant J. Mackenzie; also attributed to Richard Tickell.
=500  \\$a"A list of the cities and towns in France, wherein the woollen manufacture of all sorts are established, distinguishing each"--Pages [41]-48.
=500  \\$aSignatures: A² B-G⁴
=500  \\$aPages [2,4] blank.
=610  10$aFrance.$tTreaties, etc.$gGreat Britain,$d1786 September 26.
=630  07$aTreaties, etc. (France and Great Britain : 1786 September 26)$2fast$0(OCoLC)fst01917501
=651  \0$aGreat Britain$vCommercial treaties$vEarly works to 1800.
=650  \0$aWool industry$zGreat Britain$vEarly works to 1800.
=650  \0$aWool industry$zFrance$vEarly works to 1800.
=650  \0$aTariff on wool$zGreat Britain$vEarly works to 1800.
=650  \7$aTariff on wool.$2fast$0(OCoLC)fst01143393
=650  \7$aWool industry.$2fast$0(OCoLC)fst01180027
=651  \7$aFrance$2fast$0(OCoLC)fst01204289
=651  \7$aGreat Britain$2fast$0(OCoLC)fst01204623
=655  \7$aCommercial treaties.$2fast$0(OCoLC)fst01423724
=909  \\$acat$bMNU$c2017-09-29$dm-mccl
=913  \\$avb16
=997  \\$a7766080
=998  \\$aLDR:02368cam#a2200493Ii#4500
=998  \\$b008:810917s1786####enk###########000#0#eng#d

