=LDR  01914cam a2200469Ii 4500
=001  9975419186301701
=005  20180131125312.0
=008  891005s1789\\\\ne\abf\\\\\\\\000\0\fre\d
=019  \\$a18157797
=029  1\$aAU@$b000010639026
=029  1\$aGEBAY$b1065355
=029  1\$aZWZ$b04275173X
=029  1\$aDEBBG$bBV001630212
=035  \\$aMB5783
=035  \\$a(OCoLC)23617958
=040  \\$aEYM$beng$erda$edcrmb$cEYM$dUMC$dOCL$dOCLCQ$dAMAZN$dZWZ$dOCLCQ$dOCLCO$dOCLCF$dOCLCQ$dMNU
=043  \\$afw-----
=049  \\$aMNUA
=050  \4$aDT551$b.P97
=082  04$a916.62$bP972d
=100  1\$aPruneau de Pommegorge, Antoine-Edme,$d1720-1812,$eauthor.
=245  10$aDescription de la Nigritie /$cpar M.P.D.P. ... ; enrichie de cartes.
=264  \1$aA Amsterdam, et se trouve a Paris :$bChez Maradan, Libraire, rue Saint-André-des-Arcs [sic], Hôtel de Château-Vieus,$c1789.
=300  \\$aviii, 284, [2] pages, [9] leaves of plates (5 folded) :$billustrations, maps ;$c21 cm (8vo)
=336  \\$atext$btxt$2rdacontent
=337  \\$aunmediated$bn$2rdamedia
=338  \\$avolume$bnc$2rdacarrier
=340  \\$m8vo$0http://rdaregistry.info/termList/bookFormat/1003
=500  \\$aSignatures: pi⁴ A-R⁸ S⁸( -S8).
=500  \\$aTitle vignette, head- and tail-pieces.
=500  \\$aErrata: 2 unnumbered pages at end.
=510  4\$aBarbier, A.A. Ouvrages anonymes$cvol. 1, col. 895
=651  \0$aAfrica, French-speaking West$xDescription and travel$vEarly works to 1800.
=650  \4$aAfrique. Généralités. Avant 1900.
=650  \7$aTravel$2fast$0(OCoLC)fst01155558
=651  \7$aFrench-speaking Western Africa$2fast$0(OCoLC)fst01692605
=700  1\$aMaradan, Claude-François,$d1762-1823$ebookseller.
=909  \\$acat$bMNU$c2017-09-26$dm-mccl
=913  \\$avb16
=997  \\$a23617958
=998  \\$aLDR:01848cam#a2200433Ii#4500
=998  \\$b008:891005s1789####ne#abf########000#0#fre#d

