=LDR  01108nam a22002777u 4500
=001  9975419186901701
=005  20180326161117.0
=008  170926m17861788enk\\\\\r\\\\\000\0\eng\d
=099  \\$a1786 fHa
=110  1\$aGreat Britain.$bParliament.$bHouse of Commons.
=245  10$aHastings trial papers.
=264  \1$a[London?]$b[publisher not identified],$c1786-1788.
=300  \\$a57 volumes ;$cfolio.
=336  \\$atext$btxt$2rdacontent
=337  \\$aunmediated$bn$2rdamedia
=338  \\$avolume$bnc$2rdacarrier
=340  \\$mfolio$0http://rdaregistry.info/termList/bookFormat/1001
=500  \\$aTitle from spine
=520  \\$aCollected documents regarding the impeachment trial of Warren Hastings.
=600  10$aHastings, Warren,$d1732-1818$xImpeachment.
=610  20$aEast India Company$xHistory$y18th century$vSources.
=651  \0$aIndia$xPolitics and government$y1765-1947$vSources.
=651  \0$aIndia$xHistory$yBritish occupation, 1765-1947$vSources.
=700  1\$aHastings, Warren,$d1732-1818$edefendant.
=998  \\$aLDR:01043nam#a22002657u#4500
=998  \\$b008:170926m17861788enk#####r#####000#0#eng#d

