=LDR  00954nac a22002537u 4500
=001  9975419189301701
=005  20180131125259.0
=008  170925i17201721enk\\\\\r\\\\\000\0\eng\d
=035  \\$a(OCoLC)1016139836
=099  \\$a1721 fMa1
=245  00$aDocuments regarding the finances of the South Sea Company,$f1720-1721.
=264  \1$a[England] :$b[various publishers],$c1720-1721.
=300  \\$a14 documents bound in one volume ;$cfolio.
=336  \\$atext$btxt$2rdacontent
=337  \\$aunmediated$bn$2rdamedia
=338  \\$avolume$bnc$2rdacarrier
=340  \\$mfolio$0http://rdaregistry.info/termList/bookFormat/1001
=520  \\$a14 documents regarding shareholders and public finance of the South Sea Company.
=610  20$aSouth Sea Company$vEarly works to 1800.
=909  \\$acat$bMNU$c2017-09-25$ddezel002$eori
=913  \\$avb17
=997  \\$a1016139836
=998  \\$aLDR:00821nac#a22002177u#4500
=998  \\$b008:170925i17201721enk#####r#####000#0#eng#d

