=LDR  00921nac a22002537u 4500
=001  9975419189701701
=005  20180131125259.0
=008  170925i17201729enk\\\\\r\\\\\000\0\eng\d
=035  \\$a(OCoLC)1016144389
=099  \\$a1721 fAs
=245  00$aSouth Sea Company case documents,$f1720s.
=264  \1$a[England] :$b[various publishers],$c1720s.
=300  \\$a17 documents bound in one volume ;$cfolio.
=336  \\$atext$btxt$2rdacontent
=337  \\$aunmediated$bn$2rdamedia
=338  \\$avolume$bnc$2rdacarrier
=340  \\$mfolio$0http://rdaregistry.info/termList/bookFormat/1001
=520  \\$a17 documents describing legal cases involving directors of the South Sea Company.
=610  20$aSouth Sea Company$vEarly works to 1800.
=909  \\$acat$bMNU$c2017-09-25$ddezel002$eori
=913  \\$avb17
=997  \\$a1016144389
=998  \\$aLDR:00788nac#a22002177u#4500
=998  \\$b008:170925i17201729enk#####r#####000#0#eng#d

