=LDR  01821cam a2200409 a 4500
=001  9975419190601701
=005  20180131125301.0
=008  850617s1789\\\\fr\\\\\\\\\\\\000\0\fre\\
=010  \\$a   85884523 
=035  \\$aMB2955
=035  \\$a(OCoLC)17191611
=040  \\$aDLC$beng$cDLC$dOCLCO$dOCLCF$dOCLCQ$dMNU
=043  \\$ae-fr---
=049  \\$aMNUA
=050  00$aHF3555$b.C58 1789
=100  0\$aCitoyen.
=245  10$aConsidérations politiques sur le commerce du royaume :$bavec des observations sur les impôts qui nuisent à son activité, & dont on propose la suppression, ainsi que le remplacement, d'une maniere plus avantageuse pour les finances & pour les peuples : précédées de réflexions particulieres sur tout ce qui peut intéresser le commerce de Picardie : ouvrage destiné pour l'assemblée des Etats-Généraux /$cpar un citoyen.
=260  \\$a[France] :$b[publisher not identified],$c1789.
=300  \\$a[4], 100, [2], 84 pages, [9] folded leaves ;$c21 cm (8vo)
=336  \\$atext$btxt$2rdacontent
=337  \\$aunmediated$bn$2rdamedia
=338  \\$avolume$bnc$2rdacarrier
=340  \\$m8vo$0http://rdaregistry.info/termList/bookFormat/1003
=500  \\$aSignatures: pi² A-F⁸ G⁴( -G4), ²A-E⁸ F².
=500  \\$aWith half title.
=500  \\$aHead- and tail-pieces.
=510  4\$aNUC pre-1956, NC$c0648649
=651  \0$aFrance$xCommerce$vEarly works to 1800.
=651  \0$aPicardy (France)$xCommerce$vEarly works to 1800.
=650  \7$aCommerce$2fast$0(OCoLC)fst00869279
=651  \7$aFrance$2fast$0(OCoLC)fst01204289
=651  \7$aFrance$zPicardy$2fast$0(OCoLC)fst01209071
=909  \\$acat$bMNU$c2017-09-22$dm-mccl
=913  \\$avb16
=997  \\$a17191611
=998  \\$aLDR:01790cam#a2200373#a#4500
=998  \\$b008:850617s1789####fr############000#0#fre##

