=LDR  01944cam a2200421Ii 4500
=001  9975419195101701
=005  20180131125308.0
=008  821022s1788\\\\enk\\\\\\\\\\\000\0\eng\d
=029  1\$aGBVCP$b141104627
=035  \\$aMB4434
=035  \\$a(OCoLC)8883611
=040  \\$aTCL$beng$erda$edcrmb$cTCL$dOCLCQ$dOCLCG$dHBS$dOCLCQ$dOCLCF$dOCLCQ$dOCLCO$dMNU
=043  \\$af-sl---
=049  \\$aMNUA
=050  14$aDT516$b.S5
=082  04$a330$bG62
=100  1\$aSharp, Granville,$d1735-1813,$eauthor.
=245  10$aA short sketch of temporary regulations (until better shall be proposed) for the intended settlement on the grain coast of Africa, near Sierra Leona.
=250  \\$aThe third edition.
=264  \0$aLondon :$bprinted by H. Baldwin, Fleet-Street,$cMDCCLXXXVIII [1788].
=300  \\$axlii, 184 pages, [2] folded leaves ;$c19 cm (8vo)
=336  \\$atext$btxt$2rdacontent
=337  \\$aunmediated$bn$2rdamedia
=338  \\$avolume$bnc$2rdacarrier
=340  \\$m8vo$0http://rdaregistry.info/termList/bookFormat/1003
=500  \\$aA reissue of the second edition of 1786, with a new title-page and the addition of preliminaries.
=500  \\$aSigned: Granville Sharp, Old Jewry, 3d July, 1786.
=505  2\$aAppendix I, pages [127]-178: Short forms of prayer (extracted chiefly from the Liturgy of the Church of England) for various occasions with previous exhortations -- Appendix II, pages 179-184: (Memorandums.) On diet or temperance. Signed: Fr. Walsingham.
=650  \0$aLaw$zSierra Leone$vEarly works to 1800.
=651  \0$aSierra Leone$xPolitics and government$vEarly works to 1800.
=650  \7$aLaw$2fast$0(OCoLC)fst00993678
=651  \7$aSierra Leone$2fast$0(OCoLC)fst01210248
=700  1\$aBaldwin, Henry,$d1734-1813,$eprinter.
=909  \\$acat$bMNU$c2017-09-21$dm-mccl
=913  \\$avb16
=997  \\$a8883611
=998  \\$aLDR:01821cam#a2200385Ii#4500
=998  \\$b008:821022s1788####enk###########000#0#eng#d

