=LDR  03111cam a2200649I  4500
=001  9975419199401701
=005  20180131125315.0
=008  780525m17881795sp\abce\\b\\\\000\0\spa\\
=010  \\$a   03002766 
=029  1\$aAU@$b000007346866
=029  1\$aGEBAY$b99798
=029  1\$aoc03926665
=035  \\$aMB4480
=035  \\$a(OCoLC)3926665
=040  \\$aDLC$beng$cGZM$dOCL$dOCLCG$dCUY$dOCLCO$dOCLCF$dOCLCQ$dOCLCO$dEUW$dOCLCO$dOCLCQ$dUEJ$dMNU
=041  1\$aspa$hita
=043  \\$as-cl---
=049  \\$aMNUA
=050  04$aF3058$b.M77
=100  1\$aMolina, Giovanni Ignazio,$d1740-1829.
=245  10$aCompendio de la historia geografica, natural y civil del reyno de Chile,$cescrito en italiano por el abate don Juan Ignacio Molina.
=260  \\$aMadrid,$bA. de Sancha,$c1788-95.
=300  \\$a2 volumes$bfrontispiece (portrait) 3 folded maps, folded plan, 3 folded table$c22 cm (4to)
=336  \\$atext$btxt$2rdacontent
=337  \\$aunmediated$bn$2rdamedia
=338  \\$avolume$bnc$2rdacarrier
=340  \\$m4to$0http://rdaregistry.info/termList/bookFormat/1002
=500  \\$aTitle of pt. 1 reads "Compendio ... Primera parte, que abraza la historia geografica y natural, traducida en español por don Domingo Joseph de Arquellada Mendoza ..."
=500  \\$aPart 2 has title: Compendio de la historia civil del reyno de Chile ... Parte segunda, traducida al español, y aumentada con varias notas por don Nicolas de la Cruz y Bahamonde.
=500  \\$a"Correcciones" (pt.2): page [383].
=500  \\$a"Idea de la lengua chilena": pt. 2, p. 332-360.
=500  \\$a"Indice de algunos verbos chilenos": pt. 2, p. 361-376.
=504  \\$a"Catalogo de los escritores de las cosas de Chile" (bibliography): pt. 2, p. 377-382.
=500  \\$aThe original Italian edition of pt. 1 was published at Bologna in 1782 under title: Saggio sulla storia naturale del Chili; pt. 2, issued at Bologna in 1787, bore the title: Saggio sulla storia civile del Chili. cf. Medina, Biblioteca hispano-chilena.
=505  8\$a"Idea de la lengua chilena": pt. 2, p. 332-360.
=505  8\$a"Indice de algunos verbos chilenos": pt. 2, p. 361-376.
=650  \0$aNatural history$zChile.
=651  \0$aChile$xHistory$yTo 1810.
=650  \0$aMapuche Indians.
=650  \0$aMapuche language.
=651  \0$aChile$vBibliography.
=650  \2$aNatural History
=650  \7$aMapuche Indians.$2fast$0(OCoLC)fst01008775
=650  \7$aMapuche language$2fast$0(OCoLC)fst01008804
=650  \7$aNatural history.$2fast$0(OCoLC)fst01034268
=651  \7$aChile$2fast$0(OCoLC)fst01205362
=648  \7$aTo 1810$2fast
=655  \7$aBibliography.$2fast$0(OCoLC)fst01423717
=655  \7$aHistory.$2fast$0(OCoLC)fst01411628
=700  1\$aArquellada Mendoza, Domingo Joseph de,$etranslator.
=700  1\$aCruz y Bahamonde, Nicolás de la,$d1757-1828,$etranslator.
=700  1\$aSancha, Antonio de,$d1720-1790,$ebookseller.
=909  \\$acat$bMNU$c2017-09-20$dm-mccl
=913  \\$avb16
=997  \\$a3926665
=998  \\$aLDR:03007cam#a2200613I##4500
=998  \\$b008:780525m17881795sp#abce##b####000#0#spa##

