=LDR  02296cam a2200541Ia 4500
=001  9975419202101701
=005  20180131125254.0
=008  861119s1788\\\\enk\\\\\\b\\\\000\0deng\d
=035  \\$aMB4775
=035  \\$a(OCoLC)701794458
=040  \\$aPU$beng$edcrb$cYUS$dOCLCF$dOCLCO$dOCL$dOCLCQ$dOCL$dOCLCA$dMNU
=043  \\$aa-ii---
=049  \\$aMNUA
=050  14$aDS473.5$b.L64 1788
=100  1\$aLogan, John,$d1748-1788.
=245  12$aA review of the principal charges against Warren Hastings, Esquire, late Governor General of Bengal.
=260  \\$aLondon :$bPrinted for John Stockdale, opposite Burlington-House, Piccadilly, and John Murray, Fleet-Street,$cMDCCLXXXVIII [1788].
=300  \\$a[2], 111, [1] pages ;$c21 cm. (8vo)
=336  \\$atext$btxt$2rdacontent
=337  \\$aunmediated$bn$2rdamedia
=338  \\$avolume$bnc$2rdacarrier
=340  \\$m8vo$0http://rdaregistry.info/termList/bookFormat/1003
=500  \\$aPublished anonymously. By John Logan. Cf. Goldsmiths' Lib. cat.
=500  \\$aAdvertisements at the foot of page106 and on pages 107-111.
=500  \\$aSignatures: pi1 A-O⁴.
=500  \\$aFinal page blank.
=510  4\$aGoldsmiths' Lib. cat.$c13606
=510  4\$aESTC (RLIN),$cT143514
=504  \\$aIncludes bibliographical references.
=600  10$aHastings, Warren,$d1732-1818$xImpeachment.
=600  10$aHastings, Warren,$d1732-1818$xTrials, litigation, etc.
=651  \0$aIndia$xHistory$yBritish occupation, 1765-1947
=651  \0$aIndia$xPolitics and government$y1765-1947.
=650  \0$aGovernors$zIndia$zBengal.
=610  10$aBengal (India).$bGovernor (1772-1774 : Hastings)
=610  10$aBengal (India).$bGovernor-General (1774-1785 : Hastings)
=600  17$aHastings, Warren,$d1732-1818$2fast$0(OCoLC)fst00153371
=650  \7$aPolitics and government$2fast$0(OCoLC)fst01919741
=651  \7$aIndia$2fast$0(OCoLC)fst01210276
=648  \7$a1765-1947$2fast
=655  \7$aBooksellers' advertisements$zEngland$zLondon$y1788.$2rbgenr
=700  1\$aStockdale, John,$d1749?-1814,$ebookseller.
=700  1\$aMurray, John,$d1737-1793,$ebookseller.
=909  \\$acat$bMNU$c2017-09-19$dm-mccl
=913  \\$aVB16
=997  \\$a701794458
=998  \\$aLDR:02175cam#a2200505Ia#4500
=998  \\$b008:861119s1788####enk######b####000#0deng#d

