=LDR  01663cam a2200397Ii 4500
=001  9975421200001701
=005  20180131125314.0
=008  890316s1789\\\\fr\\\\\\\b\\\\000\0\fre\d
=035  \\$aMB4479
=035  \\$a(OCoLC)425937567
=040  \\$aLGG$beng$erda$edcrmb$cLGG$dKRTAS$dOCLCF$dOCLCO$dOCLCQ$dMNU
=041  \\$afre$hita
=043  \\$as-cl---
=049  \\$aMNUA
=050  \4$aQH119
=100  1\$aMolina, Giovanni Ignazio,$d1740-1829,$eauthor.
=240  10$aSaggio sulla storia naturale del Chili.$lFrench.
=245  10$aEssai sur l'histoire naturelle du Chili /$cpar M. l'Abbe Molina ; traduit de l'Italien, & enrichi de notes, par M. Gruvel, D.M.
=264  \1$aA Paris :$bChez Née de la Rochelle, Libraire, rue du Hurepoix, près du pont Saint-Michel, no. 13,$cMDCCLXXXIX [1789].
=300  \\$axvi, 351, [1] pages ;$c21 cm (8vo)
=336  \\$atext$btxt$2rdacontent
=337  \\$aunmediated$bn$2rdamedia
=338  \\$avolume$bnc$2rdacarrier
=340  \\$m8vo$0http://rdaregistry.info/termList/bookFormat/1003
=500  \\$aSignatures: a⁸ A-Y⁸.
=500  \\$aError in signing X and Y; X1-X4 signed followed by 5 unsigned leaves; Y gathering is missing Y3. Paging and text are continuous and sequential.
=504  \\$aIncludes bibliographical references.
=650  \0$aNatural history$zChile$vPre-Linnean works.
=650  \7$aNatural history.$2fast$0(OCoLC)fst01034268
=651  \7$aChile$2fast$0(OCoLC)fst01205362
=700  1\$aGruvel,$etranslator.
=909  \\$acat$bMNU$c2017-09-26$dm-mccl
=913  \\$avb16
=997  \\$a425937567
=998  \\$aLDR:01557cam#a2200361Ii#4500
=998  \\$b008:890316s1789####fr#######b####000#0#fre#d

