=LDR  03060cam a2200457 i 4500
=001  9975421200501701
=005  20180131125314.0
=008  821217s1789\\\\enkabcf\\\\\\\000\0\eng\\
=010  \\$a   08022292 
=035  \\$aMB1858
=035  \\$a(OCoLC)70910453
=040  \\$aDLC$beng$erda$edcrmb$cDLC$dOCLCF$dMNU$dOCLCO$dOCLCA$dMNU
=049  \\$aMNUA
=050  00$aG278$b.G5
=245  02$aA general collection of voyages and discoveries, made by the Portuguese and the Spaniards, during the fifteenth and sixteenth centuries :$bcontaining the interesting and entertaining voyages of the celebrated Gonzalez and Vaz, Gonzalez Zarco, Lanzerota, Diogo Gill, Cada Mosto, Pedro di Sintra, Diogo d'Azambuza, Bartholomew Dias, Vasco de Gama, voyages to the Canary Islands, voyages of Columbus, Nino and Guierra, Ojeda and Vespusius, Cortereal, Alvarez Cabral, Francis Almeed, Albuquerque, Andrea Corsali, voyage to St. Thomas, voyage of De Solis, Pinzon, &c., voyage of John Ponce, Grijalva, Nicuessa, Cortes, Ojeda and Ocampo, Magellan : with other voyages, to the East-Indies, the West-Indies, round the world, &c. : adorned with copper-plates, maps, &c.
=264  \1$aLondon :$bPublished by W. Richardson, ...  J. Bew, ... T. Hookham, ... J. and T. Egerton, ... and C. Stalker ...,$cMDCCLXXXIX [1789].
=300  \\$a[2], iv, [1], iv-v, [2], 8-518 [i.e. 520] pages, [8] leaves of plates (some folded) :$billustrations, maps, portraits ;$c28 cm (4to)
=336  \\$atext$btxt$2rdacontent
=337  \\$aunmediated$bn$2rdamedia
=338  \\$avolume$bnc$2rdacarrier
=340  \\$m4to$0http://rdaregistry.info/termList/bookFormat/1002
=500  \\$aApparently originally intended to be published in more than one volume; Vol. 1 printed throughout on signature line; no more published.
=500  \\$aThe map of India called for in the list of plates was never issued, and one of the West Indies replaced by one the East Indies.
=500  \\$aSignatures: [A]⁶, B-H⁴, I², K-Q⁴, R², S-T⁴, U², X⁴, Y-Z ², 2A-2D⁴, 2E², 2F-2I⁴, 2K² 2L-2M⁴, 2N², 2O-2R⁴, 2S², 2T-2U⁴, 2X², 2Y-2Z⁴, 3A², 3B-3C⁴, 3D², 3E-3H⁴, 3I², 3K-3L⁴, 3M², 3N-3O⁴, 3P², 3Q-3R⁴, 3S², 3T-3U⁴, 3X², 3y-3Z⁴, 4A², 4B-4E⁴.
=500  \\$aPage 483-484 repeated in pagination.
=510  4\$aESTC (RLIN)$cT95949
=510  4\$aSabin$c26875
=650  \0$aVoyages and travels$vEarly works to 1800.
=650  \0$aDiscoveries in geography$xPortuguese.
=650  \0$aDiscoveries in geography$xSpanish.
=650  \7$aDiscoveries in geography$xPortuguese.$2fast$0(OCoLC)fst01750970
=650  \7$aDiscoveries in geography$xSpanish.$2fast$0(OCoLC)fst01695187
=650  \7$aVoyages and travels$2fast$0(OCoLC)fst01169308
=655  \7$aEarly works.$2fast$0(OCoLC)fst01411636
=700  1\$aRichardson, William,$d1735 or 1736-1811,$epublisher.
=752  \\$aEngland$dLondon.
=909  \\$acat$bMNU$c2017-09-26$dm-mccl
=913  \\$avb16
=997  \\$a70910453
=998  \\$aLDR:03029cam#a2200421#i#4500
=998  \\$b008:821217s1789####enkabcf#######000#0#eng##

