=LDR  01732cam a2200397Ii 4500
=001  9975421204501701
=005  20180131125318.0
=008  940713s1789\\\\enk\\\\\\\\\\\000\0\eng\d
=010  \\$a   46040806 
=035  \\$aMB5625
=035  \\$a(OCoLC)54152949
=040  \\$aYUS$beng$erda$edcrmb$cYUS$dOCLCQ$dOCLCG$dOCLCF$dOCLCO$dOCL$dOCLCQ$dOCLCO$dOCL$dMNU
=043  \\$ae-uk---
=049  \\$aMNUA
=050  \4$aHB151
=100  1\$aDalrymple, John,$cSir,$d1726-1810,$eauthor.
=245  10$aQueries concerning the conduct which England should follow in foreign politics in the present state of Europe /$cwritten in October, 1788 ; by Sir John Dalrymple, bart. ...
=264  \1$aLondon :$bPrinted for J. Debrett, opposite Burlington House, Piccadilly,$cMDCCLXXXIX [1789].
=300  \\$a1 preliminary leaf, vi, 8, 86 pages :$btables (some folded) ;$c21 cm (8vo)
=336  \\$atext$btxt$2rdacontent
=337  \\$aunmediated$bn$2rdamedia
=338  \\$avolume$bnc$2rdacarrier
=340  \\$m8vo$0http://rdaregistry.info/termList/bookFormat/1003
=500  \\$aMiddle grouping of pages includes folded tables which have page numbering in sequence; these 8 pages are not signed.
=500  \\$aRelates largely to British commerce.
=651  \0$aGreat Britain$xForeign relations$y1760-1789.
=651  \0$aGreat Britain$xCommerce$vEarly works to 1800.
=650  \7$aCommerce$2fast$0(OCoLC)fst00869279
=650  \7$aDiplomatic relations.$2fast$0(OCoLC)fst01907412
=651  \7$aGreat Britain$2fast$0(OCoLC)fst01204623
=648  \7$a1760-1789$2fast
=909  \\$acat$bMNU$c2017-09-22$dm-mccl
=913  \\$avb16
=997  \\$a54152949
=998  \\$aLDR:01607cam#a2200361Ii#4500
=998  \\$b008:940713s1789####enk###########000#0#eng#d

