=LDR  01722nam a2200421 i 4500
=001  9975421206401701
=005  20180131125307.0
=008  170921s1788\\\\enk\\\\\\i\\\\000\0\eng\d
=035  \\$aMB5977
=035  \\$a(OCoLC)1016139639
=040  \\$aMnU$beng$cMnU
=043  \\$aa-ii---
=100  1\$aRennell, James,$d1742-1830$ecompiler.
=245  10$aIndex to the memoir. Index to the map.
=264  \0$a[London] :$b[publisher not identified],$c[1788]
=300  \\$a[2] leaves, [16] pages, [36] pages, [2] leaves ;$c27 cm (4to)
=336  \\$atext$btxt$2rdacontent
=337  \\$aunmediated$bn$2rdamedia
=338  \\$avolume$bnc$2rdacarrier
=340  \\$m4to$0http://rdaregistry.info/termList/bookFormat/1002
=500  \\$aCaption titles.
=500  \\$aAll leaves and the final page of each grouping are blank.
=500  \\$aSignatures: pi² 2R-2X⁴ 2Y-2Z²
=500  \\$aOmissions from Index to the map follow at end.
=500  \\$aAddenda & Errata to the Introduction and Memoir at end.
=500  \\$aIndexes, etc., published with work but bound separately by a previous owner.$5MnU
=600  10$aRennell, James,$d1742-1830.$tMemoir of a map of Hindoostan.$vIndexes.
=651  \0$aIndia$xDescription and travel$vEarly works to 1800$vIndexes.
=651  \0$aMogul Empire$xDescription and travel$vEarly works to 1800$vIndexes.
=651  \0$aIndia$vMaps$vEarly works to 1800$vIndexes.
=651  \0$aMogul Empire$vMaps$vEarly works to 1800$vIndexes.
=740  02$aIndex to the memoir.
=740  02$aIndex to the map.
=909  \\$acat$bMNU$c2017-09-21$dm-mccl$eori
=913  \\$avb16
=997  \\$a1016139639
=998  \\$aLDR:01597nam#a2200385#i#4500
=998  \\$b008:170921s1788####enk######i####000#0#eng#d

