=LDR  01944cam a2200505Ii 4500
=001  9975421207101701
=005  20180131125308.0
=008  850916s1788\\\\fr\\\\\\\b\\\\001\0\fre\\
=010  \\$a   06026611 
=016  7\$a003274322$2Uk
=029  1\$aAU@$b000027938302
=029  1\$aHEBIS$b176438963
=035  \\$aMB4623
=035  \\$a(OCoLC)48035960
=040  \\$aDLC$beng$erda$edcrmb$cDLC$dCLU$dGZM$dUBY$dUKMGB$dOCLCQ$dOCLCF$dOCLCO$dOCLCQ$dMNU
=042  \\$apremarc
=043  \\$ae-ur---
=049  \\$aMNUA
=050  00$aHF3624$b.S3
=082  0\$a380.947
=100  1\$aSchérer, Jean-Benoît,$d1741-1824,$eauthor.
=245  10$aHistoire raisonnée du commerce de la Russie /$cpar m. Jean-Benoît Scherer ...
=264  \1$aA Paris :$bChez Cuchet, Libraire, rue & hôtel Serpente,$cMDCCLXXXVIII [1788].
=300  \\$a2 volumes in 1 ;$c20 cm (8vo)
=336  \\$atext$btxt$2rdacontent
=337  \\$aunmediated$bn$2rdamedia
=338  \\$avolume$bnc$2rdacarrier
=340  \\$m8vo$0http://rdaregistry.info/termList/bookFormat/1003
=500  \\$aPagination: volume 1: xii. 293, [3] pages; volume 2: vi, 259, [1] pages.
=500  \\$aSignatures: volume 1: a⁶ A-S⁸ T⁴; volume 2: pi⁴ (-pi4) A-Q⁸ R²
=500  \\$aErrata at end of each volume.
=500  \\$aHalf-titles included..
=500  \\$aTitle-page vignettes, head- and tail-pieces.
=504  \\$aIncludes bibliographical references.
=500  \\$aIndex to entire work: volume 2, pages 217-257.
=651  \0$aRussia$xCommerce$xHistory$vEarly works to 1800.
=650  \7$aCommerce$2fast$0(OCoLC)fst00869279
=651  \7$aRussia$2fast$0(OCoLC)fst01207312
=655  \7$aHistory.$2fast$0(OCoLC)fst01411628
=700  1\$aCuchet, Gaspard-Joseph,$d1750-1833,$ebookseller.
=909  \\$acat$bMNU$c2017-09-21$dm-mccl
=913  \\$avb16
=997  \\$a48035960
=998  \\$aLDR:01874cam#a2200469Ii#4500
=998  \\$b008:850916s1788####fr#######b####001#0#fre##

