=LDR  02117nam a2200433Ii 4500
=001  9975421208101701
=005  20180131125309.0
=008  170920s1788\\\\fr\\\\\\\b\\\\000\0\fre\\
=035  \\$aMB5829
=035  \\$a(OCoLC)756864470
=040  \\$aMNU$beng$erda$edcrmb$cMNU
=043  \\$ae-fr---
=049  \\$aMNUA
=050  \4$aHB151
=100  1\$aNecker, Jacques,$d1732-1804,$eauthor.
=245  10$aSur le compte rendu au roi en 1781 :$bnouveaux éclaircissemens /$cpar M. Necker.
=264  \1$aA Paris :$bHotel de Thou, rue des Poitevins,$c1788.
=300  \\$a[4], 240, 4 pages ;$c22 cm (8vo)
=336  \\$atext$btxt$2rdacontent
=337  \\$aunmediated$bn$2rdamedia
=338  \\$avolume$bnc$2rdacarrier
=340  \\$m8vo$0http://rdaregistry.info/termList/bookFormat/1003
=500  \\$aWritten in response to: Réponse de M. de Calonne à l'écrit de M. Necker publié en avril 1787, contenant l'examen des comptes de la situation des finances, rendus en 1774, 1776, 1781, 1783 et 1787 ; avec des observations sur les résultats de l'assemblée des notables, Londres, janvier 1788. Cf. NUC pre-56, BN.
=500  \\$aSignatures: pi² A-2G⁴ a².
=500  \\$aTitle vignette.
=500  \\$a"Appendix. Note sur les observations d'un anonyme, annexées au mémoire de M. de Calonne": pages 1-4 following main text.
=504  \\$aIncludes bibliographical references.
=600  10$aCalonne, Charles Alexandre de,$d1734-1802.$tRéponse de M. de Calonne à l'écrit de M. Necker.
=650  \0$aFinance$zFrance$xHistory$y18th century$vSources.
=650  \0$aFinance, Public$zFrance$xHistory$y1789-1871
=651  \0$aFrance$xEconomic conditions$y18th century$vSources.
=651  \0$aFrance$xPolitics and government$y1774-1793.
=700  1\$aCalonne, Charles Alexandre de,$d1734-1802.$tRéponse de M. de Calonne à l'écrit de M. Necker.
=710  2\$aHôtel de Thou (Paris, France),$ebookseller.
=909  \\$acat$bMNU$c2017-09-20$dm-mccl$eori
=913  \\$avb16
=997  \\$a756864470
=998  \\$aLDR:02068nam#a2200385Ii#4500
=998  \\$b008:170920s1788####fr#######b####000#0#fre##

