=LDR  01443cam a2200373Ii 4500
=001  9975421209301701
=005  20180131125310.0
=008  850816s1788\\\\enk\\\\\\\\\\\000\0\eng\d
=035  \\$aMB4776
=035  \\$a(OCoLC)518835269
=040  \\$aOKU$beng$erda$edcrmb$cOKU$dOCLCQ$dMNU
=049  \\$aMNUA
=050  \4$aAC4
=100  0\$aGentleman at Bengal,$dactive 1787.
=245  12$aA letter from a gentleman at Bengal, to his friend in London :$bdated Calcutta, Sept. 8, 1787. Received by the Ravensworth Packet.
=264  \1$aLondon :$bPrinted for John Stockdale, opposite Burlington-House, Piccadilly,$cMDCCLXXXVIII [1788].
=300  \\$a[2], 25, [1] pages ;$c21 cm (8vo)
=336  \\$atext$btxt$2rdacontent
=337  \\$aunmediated$bn$2rdamedia
=338  \\$avolume$bnc$2rdacarrier
=340  \\$m8vo$0http://rdaregistry.info/termList/bookFormat/1003
=500  \\$aSometimes attributed to John Prinsep.
=500  \\$aFrom imprint: Price One Shilling.
=500  \\$aSignatures: [A]² B-D⁴.
=500  \\$aWith an initial advertisement leaf.
=500  \\$aConcerning Warren Hastings.
=600  10$aHastings, Warren,$d1732-1818
=700  1\$aPrinsep, John,$d1746-1830,$eattributed name.
=700  1\$aStockdale, John,$d1749?-1814,$ebookseller.
=909  \\$acat$bMNU$c2017-09-19$dm-mccl
=913  \\$avb16
=997  \\$a518835269
=998  \\$aLDR:01320cam#a2200337Ii#4500
=998  \\$b008:850816s1788####enk###########000#0#eng#d

