=LDR  02167nam a2200457Ii 4500
=001  9975441154001701
=005  20180724141803.0
=008  171012s1765\\\\ru\\\\\\\\\\\\000\0\rus\d
=035  \\$aMB6256
=035  \\$a(OCoLC)1005936296
=040  \\$aMNU$beng$erda$edcrmb$cMNU$dMNU
=041  \\$ager$arus
=043  \\$ae-lv---$ae-ur---
=049  \\$aMNUA
=099  \9$a1778 fRu
=110  1\$aRussia.
=245  10$6880-01$aUstav o rizhskoĭ kommert︠s︡i =$bDer Stadt Riga Handels-Ordnung.
=340  \\$mfolio$0http://rdaregistry.info/termList/bookFormat/1001
=880  10$6245-01$aУставъ о рижской коммерци =$bDer Stadt Riga Handels-Ordnung.
=246  31$aStadt Riga Handels-Ordnung.
=264  \0$6880-02$aPechatan v Sanktpeterburg :$b[publisher not identified],$cDekabri︠a︡ dni︠a︡ 1765 goda.
=880  \0$6264-02$aПечатанъ въ Санктпетербургъ  :$b[publisher not identified],$cДекабря дня 1765 года.
=300  \\$a[2], 64, [44] pages ;$c33 cm (fol.)
=336  \\$atext$btxt$2rdacontent
=337  \\$aunmediated$bn$2rdamedia
=338  \\$avolume$bnc$2rdacarrier
=500  \\$aCaption title.
=500  \\$6880-03$aTable: Rizhskai︠a︡ poshlinnai︠a︡ taksa vsi︠a︡kikh za more tovarov [pages [65]-[90]] = Rigische Voll-Taxa über alle seewerts einkommende Waaren [pages [93]-[100]].
=880  \\$6500-03$aTable: Рижская пошлинная такса всякихъ за море товаровъ [pages [65]-[90]] = Rigische Voll-Taxa über alle seewerts einkommende Waaren [pages [93]-[100]].
=500  \\$aFraktur.
=500  \\$aText in Russian and German in parallel columns.
=500  \\$aPrinting information from end of text.
=651  \0$aRīga (Latvia)$xCommerce$y18th century.
=651  \0$aBaltic Sea$xCommerce$y18th century.
=650  \0$aTariff$xLaw and legislation$zLatvia$y18th century.
=650  \0$aTariff$xLaw and legislation$zRussia$y18th century.
=909  \\$acat$bMNU$c2017-10-12$dm-mccl$eori
=913  \\$avb16
=997  \\$a1005936296
=998  \\$aLDR:02734nam#a2200421Ii#4500
=998  \\$b008:171012s1765####ru############000#0#rus#d

