=LDR  01666nam a2200361Ii 4500
=001  9975599791101701
=005  20180131125628.0
=008  171117s1790\\\\fr\\\\\\\\\\\\000\0\fre\d
=035  \\$aMB1795
=035  \\$a(OCoLC)1012129887
=040  \\$aMNU$beng$erda$edcrmb$cMNU
=043  \\$an-us---
=049  \\$aMNUA
=099  \9$a1790 Ca
=100  1\$aCarle, Henri,$dactive 1790,$eauthor.
=245  10$aDiscours sur la question proposée par M. l'Abbé Raynal :$bLa découverte de l'Amérique a-t-elle été utile ou nuisible au genre humain? Si elle a produit des maux, quels xong ldx moyens d'y remédier? Et s'il en est résulté des biens, quels sont les moyens de les conserver & de les accroître? /$cpar M. Carle, Avocat au Parlement.
=264  \1$aA Paris :$bde l'impremerie de Moutard, rue des Mathurins, Hôtel de Cluni,$c1790.
=300  \\$a32 pages ;$c22 cm (8vo)
=336  \\$atext$btxt$2rdacontent
=337  \\$aunmediated$bn$2rdamedia
=338  \\$avolume$bnc$2rdacarrier
=340  \\$m8vo$0http://rdaregistry.info/termList/bookFormat/1003
=500  \\$aSignatures: A-B⁸
=500  \\$aBookseller from colophon.
=500  \\$aHead- and tail-pieces; title page vignette.
=600  10$aRaynal,$cabbé$q(Guillaume-Thomas-François),$d1713-1796.$tLa découverte de l'Amérique a-t-elle été utile ou nuisible au genre humain?
=651  \0$aAmerica$xDiscovery and exploration.
=700  1\$aMoutard, Nicolas-Léger,$d1742?-$ebookseller.
=909  \\$acat$bMNU$c2017-11-17$dm-mccl$eori
=913  \\$avb16
=997  \\$a1012129887
=998  \\$aLDR:01648nam#a2200325Ii#4500
=998  \\$b008:171117s1790####fr############000#0#fre#d

