=LDR  01749cam a2200433Ii 4500
=001  9975599906601701
=005  20171117180157.0
=008  750801s1790\\\\it\bef\\\\\\\\000\0\ita\\
=010  \\$a   01024796 
=029  1\$aZWZ$b042585708
=029  1\$aAU@$b000023222125
=035  \\$a(OCoLC)1496584
=035  \\$aMB5847
=040  \\$aDLC$beng$erda$edcrmb$cDLC$dDLC$dOCLCF$dDZM$dMNU
=043  \\$an-us---
=049  \\$aMNUA
=050  00$aE164$b.C35
=082  \4$a917.3$bC352v
=090  \\$adcrmb
=099  \9$a1790 Cas
=100  1\$aCastiglioni, Luigi,$d1757-1832,$eauthor.
=245  10$aViaggio negli Stati Uniti dell' America Settentrionale, fatto negli anni, 1785, 1786, e 1787 /$cda Luigi Castiglioni ... ; Con alcune osservazioni sui vegetabili più utili di quel paese.
=264  \0$aMilano :$bNella Stamperia di G. Marelli, con permissione,$c1790.
=300  \\$a2 volumes, XIV, III folded plates :$bmaps, plans, tables ;$c23 cm (8vo)
=336  \\$atext$btxt$2rdacontent
=337  \\$aunmediated$bn$2rdamedia
=338  \\$avolume$bnc$2rdacarrier
=340  \\$m8vo$0http://rdaregistry.info/termList/bookFormat/1003
=510  4\$aSabin, J. Dictionary of books relating to America from its discovery to the present time,$c11413
=651  \0$aUnited States$xDescription and travel$vEarly works to 1800.
=650  \0$aBotany$zUnited States.
=650  \7$aBotany$2fast$0(OCoLC)fst00836869
=650  \7$aTravel$2fast$0(OCoLC)fst01155558
=651  \7$aUnited States$2fast$0(OCoLC)fst01204155
=655  \7$aEarly works.$2fast$0(OCoLC)fst01411636
=700  1\$aMarelli, Giuseppe,$dactive 18th century,$eprinter.
=997  \\$a1496584
=998  \\$aLDR:01688cam#a2200421Ii#4500
=998  \\$b008:750801s1790####it#bef########000#0#ita##

