=LDR  01944cam a2200469Ii 4500
=001  9975599990401701
=005  20180131125627.0
=008  950517s1790\\\\fr\\\\\\\\\\\\000\0\fre\d
=016  7\$a002430943$2Uk
=029  1\$aAU@$b000010717202
=035  \\$aMB5834
=035  \\$a(OCoLC)33301597
=040  \\$aCOO$beng$erda$edcrmb$cCOO$dOCLCQ$dOCLCG$dUKMGB$dOCLCQ$dOCLCO$dOCLCF$dOCLCQ$dOCL$dMNU
=043  \\$ai-mf---$ae-fr---
=049  \\$aMNUA
=099  \9$a1790 Ch
=100  1\$aCharpentier de Cossigny, Joseph François,$d1730-1809,$eauthor.
=245  10$aMémoire pour la colonie de l'Isle de France :$ben réponse au Précis et au Mémoire des actionnaires de la Compagnie des Indes, imprimés en 1790.
=264  \0$aA Paris :$bDe l'Imprimerie de P. Fr. Didot le jeune, Quai des Augustins,$cMDCCLXXXX [1790].
=300  \\$a[1] leaf, 37, [1] pages ;$c25 cm (4to)
=336  \\$atext$btxt$2rdacontent
=337  \\$aunmediated$bn$2rdamedia
=338  \\$avolume$bnc$2rdacarrier
=340  \\$m4to$0http://rdaregistry.info/termList/bookFormat/1002
=500  \\$aSigned: Cossigny.
=500  \\$aSignatures: pi² (-pi2) A-D⁴ E⁴ (-E4)
=510  4\$aBibliothèque nationale (France). Catalogue de l'histoire de la Révolution française,$c1, 6891
=651  \0$aMauritius$xHistory$vEarly works to 1800.
=651  \0$aFrance$xColonies$vEarly works to 1800.
=610  20$aNouvelle Compagnie des Indes.
=650  \4$a1790.
=610  27$aNouvelle Compagnie des Indes.$2fast$0(OCoLC)fst00582897
=650  \7$aFrench colonies.$2fast$0(OCoLC)fst01930852
=651  \7$aMauritius$2fast$0(OCoLC)fst01205325
=655  \7$aHistory.$2fast$0(OCoLC)fst01411628
=700  1\$aDidot, Pierre-François,$d1731-1795$4prt
=752  \\$aFrance$dParis.
=909  \\$acat$bMNU$c2017-11-17$dm-mccl
=913  \\$avb16
=997  \\$a33301597
=998  \\$aLDR:01889cam#a2200433Ii#4500
=998  \\$b008:950517s1790####fr############000#0#fre#d

