=LDR  02450cam a2200505Ii 4500
=001  9975602900401701
=005  20180131125655.0
=008  810109s1790\\\\fr\abf\\\\\\\\000\0\fre\\
=010  \\$a   05012033 
=029  1\$aAU@$b000027286564
=029  1\$aNZ1$b9537157
=029  1\$aZWZ$b042627192
=029  1\$aNZ1$b1215051
=035  \\$aMB2826
=035  \\$a(OCoLC)7053677
=040  \\$aDLC$beng$erda$edcrmb$cCLE$dOCLCQ$dOCLCG$dSTF$dUBY$dOCLCQ$dOCLCF$dOCLCQ$dOCLCO$dNZWTU$dGZN$dMNU
=043  \\$apobp---$aponn---
=049  \\$aMNUA
=050  00$aDU850$b.F61 1790
=082  04$a493.5$bF639d1
=099  \9$a1790 Fl
=100  1\$aFleurieu, C. P. Claret$q(Charles Pierre Claret),$ccomte de,$d1738-1810$eauthor.
=245  10$aDécouvertes des François en 1768 & 1769, dans le sudest de la Nouvelle Guinée :$bEt reconnoissances postérieures des mêmes terres par des navigateurs anglois qui leur ont imposé de nouveaux noms : précédées de l'abrégé historique des navigations & des découvertes des Espagnols dans les mêmes parages /$cPar M. ***, ancien capitaine de vaisseau ...
=264  \1$aA Paris :$bde l'Imprimerie royale,$cMDCCXC [1790].
=300  \\$axvi, iv, 309, [3] pages, XII folded leaves of plates :$billustrations, maps ;$c27 cm (4to)
=336  \\$atext$btxt$2rdacontent
=337  \\$aunmediated$bn$2rdamedia
=338  \\$avolume$bnc$2rdacarrier
=340  \\$m4to$0http://rdaregistry.info/termList/bookFormat/1002
=500  \\$aTitle page vignette, head- and tail-pieces.
=500  \\$aMaps and illustrations hand-colored.
=500  \\$aSignatures: [A]-B⁴ C² ²A-Z⁴ 2A-Q⁴
=500  \\$aErrata: pages [iv], first grouping, and [312] (two lists are identical).
=505  2\$aAppendice. Extrait d'un mémoire sur l'existence et la position des îles de Salomon : presenté à l'Académie Royale des Sciences, le 9 Janvier 1781 / Par M. Buache: p. 297-309.
=651  \0$aSolomon Islands$xDiscovery and exploration.
=651  \0$aVanuatu$xDiscovery and exploration.
=650  \0$aDiscoveries in geography$vEarly works to 1800.
=650  \7$aDiscoveries in geography$2fast$0(OCoLC)fst00894950
=651  \7$aSolomon Islands$2fast$0(OCoLC)fst01204144
=651  \7$aVanuatu$2fast$0(OCoLC)fst01214612
=909  \\$acat$bMNU$c2017-11-22$dm-mccl
=913  \\$avb16
=997  \\$a7053677
=998  \\$aLDR:02452cam#a2200469Ii#4500
=998  \\$b008:810109s1790####fr#abf########000#0#fre##

