=LDR  02027cam a2200469Ii 4500
=001  9975602903801701
=005  20180131125657.0
=008  840626s1790\\\\po\\\\\\\\\\\\000\0\por\d
=035  \\$aMB2754
=035  \\$a(OCoLC)976887970
=040  \\$aCNUTO$beng$erda$edcrmb$cCNUTO$dOCLCQ$dOCLCO$dOCLCF$dMNU
=043  \\$aa-ii---$ae-po---
=049  \\$aMNUA
=050  \4$aDS411.7.C7
=099  \9$a1790 Cou
=100  1\$aCouto, Diogo do,$d1542-1616,$eauthor.
=245  10$aObservações sobre as principaes causas da decadencia dos Portuguezes na Asia /$cescritas por Diogo do Couto, em fórma de dialogo, com o titulo de Soldado pratico ; publicadas de ordem da Academia Real das Sciencias de Lisboa, por Antonio Caetano do Amaral ...
=246  3\$aSoldado pratico
=246  3\$aDialogo do soldado pratico
=246  3\$aDialogo do soldado pratico portuguez
=264  \1$aLisboa :$bNa offic. da Acad. Real das Sciencias,$canno MDCCXC [1790].
=300  \\$axiv, [2], 161, 110 pages ;$c22 cm (8vo)
=336  \\$atext$btxt$2rdacontent
=337  \\$aunmediated$bn$2rdamedia
=338  \\$avolume$bnc$2rdacarrier
=340  \\$m8vo$0http://rdaregistry.info/termList/bookFormat/1003
=500  \\$aRunning title of first part: Dialogo do soldado pratico; of the second: Dialogo do soldado pratico portuguez.
=500  \\$aTitle page vignette.
=651  \0$aPortugal$xColonies$zIndia$vEarly works to 1800.
=651  \0$aIndia$xHistory$y1526-1765
=650  \7$aPortuguese colonies.$2fast$0(OCoLC)fst01930859
=651  \7$aIndia$2fast$0(OCoLC)fst01210276
=648  \7$a1526-1765$2fast
=655  \7$aHistory.$2fast$0(OCoLC)fst01411628
=700  1\$aAmaral, Antonio Caetano do,$d1747-1819,$epublisher.
=700  0\$aPalmella,$cduque de,$d1781-1850,$eassociated name.
=710  2\$aAcademia Real das Sciencias de Lisboa,$epublisher.
=909  \\$acat$bMNU$c2017-11-21$dm-mccl
=913  \\$avb16
=997  \\$a976887970
=998  \\$aLDR:01891cam#a2200421Ii#4500
=998  \\$b008:840626s1790####po############000#0#por#d

