=LDR  01545cam a2200397Ii 4500
=001  9975602905301701
=005  20180131125658.0
=008  940301s1790\\\\fr\\\\\\\\\\\\000\0\fre\d
=016  7\$a000668694$2Uk
=029  0\$aAU@$b000010717258
=035  \\$aMB5835
=035  \\$a(OCoLC)221585038
=040  \\$aAU@$beng$erda$edcrmb$cAU@$dOCLCQ$dUKMGB$dOCLCF$dOCLCO$dOCLCQ$dOCL$dMNU
=043  \\$ai-mf---
=049  \\$aMNUA
=099  \9$a1790 Ch1
=100  1\$aCharpentier de Cossigny, Joseph François,$d1730-1809,$eauthor.
=245  10$aNotes sommaires en réponse aux observations sommaires, sur le mémoire publié pour la colonie de l'Isle de France, contre le privilège exclusif de la Compagnie des Indes.
=264  \0$aA Paris :$bde l'Imprimerie de P. Fr. Didot le jeune,$c1790.
=300  \\$a16 pages ;$c23 cm (4to)
=336  \\$atext$btxt$2rdacontent
=337  \\$aunmediated$bn$2rdamedia
=338  \\$avolume$bnc$2rdacarrier
=340  \\$m4to$0http://rdaregistry.info/termList/bookFormat/1002
=500  \\$a"A Paris, le 30 mars 1790, Signé, Cossigny."
=500  \\$aSignatures: A-B⁴.
=651  \0$aMauritius$xHistory$vEarly works to 1800.
=651  \7$aMauritius$2fast$0(OCoLC)fst01205325
=648  \7$a1700-1799$2fast
=655  \7$aHistory.$2fast$0(OCoLC)fst01411628
=700  1\$aDidot, Pierre-François,$d1731-1795,$eprinter.
=909  \\$acat$bMNU$c2017-11-20$dm-mccl
=913  \\$avb16
=997  \\$a221585038
=998  \\$aLDR:01464cam#a2200361Ii#4500
=998  \\$b008:940301s1790####fr############000#0#fre#d

