=LDR  02238nam a2200481Ii 4500
=001  9975603096801701
=005  20180131125652.0
=008  171122s1790\\\\enk\\\\\\\\\\\000\0\eng\d
=035  \\$aMB229
=035  \\$a(OCoLC)1012614970
=040  \\$aMNU$beng$erda$edcrmb$cMNU
=041  1\$aeng$afre$hfre
=043  \\$ae-uk---$ae-sp---$an-cn-bc
=049  \\$aMNUA
=050  \4$aAC4
=099  \9$a1790 Gr1
=110  1\$aGreat Britain.
=245  10$aOfficial papers relative to the dispute between the courts of Great Britain and Spain :$bon the subject of the ships captured in Nootka Sound, and the negociation that followed thereon, together with the proceedings in both houses of Parliament on the King's message : to which are added the report of M. de Mirabeau, and the subsequent decrees of the national assembly of France on the family compact.
=246  18$aDispute between Great Britain and Spain about ships captured in Nootka Sound.$5MnU
=264  \1$aLondon :$bPrinted for J. Debrett opposite Burlington House, PIccadilly,$c[1790?]
=300  \\$avii, [1], 100 pages ;$c21 cm (8vo)
=336  \\$atext$btxt$2rdacontent
=337  \\$aunmediated$bn$2rdamedia
=338  \\$avolume$bnc$2rdacarrier
=340  \\$m8vo$0http://rdaregistry.info/termList/bookFormat/1003
=510  4\$aSabin, J. Dictionary of books relating to America from its discovery to the present time,$c56776.
=600  30$aBourbon, House of.
=651  \0$aNootka Sound (B.C.)
=651  \0$aVancouver Island (B.C.)$xHistory.
=651  \0$aSpain$xForeign relations$zGreat Britain
=651  \0$aGreat Britain$xForeign relations$zSpain.
=610  10$aGreat Britain.$bParliament.$bHouse of Commons.
=650  \7$aDiplomatic relations.$2fast$0(OCoLC)fst01907412
=651  \7$aBritish Columbia$zVancouver Island$2fast$0(OCoLC)fst01209312
=651  \7$aGreat Britain$2fast$0(OCoLC)fst01204623
=651  \7$aPacific Ocean$zNootka Sound$2fast$0(OCoLC)fst01242450
=651  \7$aSpain$2fast$0(OCoLC)fst01204303
=655  \7$aHistory.$2fast$0(OCoLC)fst01411628
=909  \\$acat$bMNU$c2017-11-22$dm-mccl$eori
=913  \\$avb16
=997  \\$a1012614970
=998  \\$aLDR:02092nam#a2200433Ii#4500
=998  \\$b008:171122s1790####enk###########000#0#eng#d

