=LDR  02014nam a2200493Ii 4500
=001  9975603099701701
=005  20180131125657.0
=008  171121s1790\\\\fr\\\\\\a\\\\\000\0\fre\d
=035  \\$aMB2611
=035  \\$a(OCoLC)1012495608
=040  \\$aMNU$beng$erda$edcrmb$cMNU
=043  \\$ae-fr---
=049  \\$aMNUA
=050  \4$aHF3559.L3$bD8 1790
=099  \9$a1790 Du
=100  1\$aDupré, Joseph,$d1742-1823,$eauthor.
=245  10$aMémoire sur le commerce en général et celui du Languedoc, dans ses rapports avec les échelles du Levant, la Compagnie des Indes, les colonies, & la traté des noirs /$cpar M. Dupré.
=264  \1$aA Paris :$bde l'Imprimerie nationale,$c1790.
=300  \\$a35, [1] pages ;$c20 cm (8vo)
=336  \\$atext$btxt$2rdacontent
=337  \\$aunmediated$bn$2rdamedia
=338  \\$avolume$bnc$2rdacarrier
=340  \\$m8vo$0http://rdaregistry.info/termList/bookFormat/1003
=500  \\$aSignatures: A⁸ B¹⁰
=500  \\$aFinal page is blank.
=610  20$aNouvelle Compagnie des Indes$xHistory$y18th century$vSources.
=651  \0$aLanguedoc (France)$xHistory$y18th century$vSources.
=651  \0$aFrance$xCommerce$xHistory$y18th century$vSources.
=651  \0$aFrance$xColonies$xCommerce$xHistory$y18th century$vSources.
=650  \0$aSlave trade$zFrance$xHistory$y18th century$vSources.
=610  27$aNouvelle Compagnie des Indes.$2fast$0(OCoLC)fst00582897
=650  \7$aCommerce$2fast$0(OCoLC)fst00869279
=650  \7$aFrench colonies.$2fast$0(OCoLC)fst01930852
=650  \7$aSlave trade.$2fast$0(OCoLC)fst01120405
=651  \7$aFrance$2fast$0(OCoLC)fst01204289
=651  \7$aFrance$zLanguedoc$2fast$0(OCoLC)fst01210196
=648  \7$a1700-1799$2fast
=655  \7$aHistory.$2fast$0(OCoLC)fst01411628
=655  \7$aSources.$2fast$0(OCoLC)fst01423900
=909  \\$acat$bMNU$c2017-11-21$dm-mccl$eori
=913  \\$avb16
=997  \\$a1012495608
=998  \\$aLDR:01938nam#a2200457Ii#4500
=998  \\$b008:171121s1790####fr######a#####000#0#fre#d

