=LDR  02688cam a2200541Ii 4500
=001  9975603099801701
=005  20180131125657.0
=008  911120s1790\\\\fr\\\\\\\\\\\\000\0\fre\d
=035  \\$aMB2509
=035  \\$a(OCoLC)81313844
=040  \\$aRPJCB$beng$erda$edcrmb$cRBN$dOCLCG$dOCLCQ$dUMC$dOCLCA$dUMC$dOCLCQ$dOCLCF$dOCL$dOCLCQ$dMNU
=043  \\$ae-fr---$anwht---
=049  \\$aMNUA
=099  \9$a1790 Cu
=110  1\$aFrance.$bAssemblée nationale constituante (1789-1791)
=245  10$aObservations sur l'administration & le commerce des colonies franc̜oises, appliquées à celle de Saint-Domingue, :$bavec quelques observations sur l'administration de cette colonie, liées à un commentaire sur le tarif destiné à la protection du commerce national. /$cpar le comte de Custine, député a l'Assemblée nationale.
=264  \1$aA Paris :$bchez Baudouin, imprimeur de l'Assemblée nationale, rue du Foin S.-Jacques, no. 31,$c1790.
=300  \\$a109, [3] pages ;$c20 cm (8vo)
=336  \\$atext$btxt$2rdacontent
=337  \\$aunmediated$bn$2rdamedia
=338  \\$avolume$bnc$2rdacarrier
=340  \\$m8vo$0http://rdaregistry.info/termList/bookFormat/1003
=500  \\$aSignatures: A-G⁸ (G7 verso, G8 blank; leaf D1 missigned: "B").
=510  4\$aSabin$c18150
=510  4\$aBibliothèque nationale (France). Catalogue de l'histoire de la Révolution française,$c9044
=510  4\$aBN$c34: col. 940
=500  \\$aCf. Bissainthe, M. Dict. de bib. haitienne, 5320.
=500  \\$a"Lettre du comte de Custine à M. de Vergennes, ministre & secrétaire d'Etat, au Department des Affaires Etrangères. De Lille, le 3 avril 1786," p. 99-109.
=651  \0$aFrance$xColonies$xAdministration$vEarly works to 1800.
=651  \0$aHaiti$xCommerce$vEarly works to 1800.
=651  \0$aFrance$xPolitics and government$y1789-1799.
=650  \7$aCommerce$2fast$0(OCoLC)fst00869279
=650  \7$aFrench colonies.$2fast$0(OCoLC)fst01930852
=650  \7$aManagement$2fast$0(OCoLC)fst01007141
=650  \7$aPolitics and government.$2fast$0(OCoLC)fst01919741
=651  \7$aFrance$2fast$0(OCoLC)fst01204289
=651  \7$aHaiti$2fast$0(OCoLC)fst01205135
=648  \7$a1789-1799$2fast
=655  \7$aPamphlets$zFrance$zParis$y1790.$2aat
=655  \7$aEarly works.$2fast$0(OCoLC)fst01411636
=700  1\$aCustine, Adam Philippe,$ccomte de,$d1740-1793,$eauthor.
=700  1\$aBaudouin, François-Jean,$d1759-1838,$eprinter.
=740  0\$aMélanges sur l'Amérique.
=909  \\$acat$bMNU$c2017-11-21$dm-mccl
=913  \\$avb16
=997  \\$a81313844
=998  \\$aLDR:02696cam#a2200505Ii#4500
=998  \\$b008:911120s1790####fr############000#0#fre#d

