=LDR  02160cam a2200517Ii 4500
=001  9975603299101701
=005  20180131125703.0
=008  961216s1790\\\\fr\\\\\\a\\\\\000\0\fre\d
=010  \\$anuc87514718 
=035  \\$aMB2638
=035  \\$a(OCoLC)1005994060
=040  \\$aUEJ$beng$erda$edcrmb$cUEJ$dOCLCO$dOCLCF$dMNU
=043  \\$ae-fr---
=049  \\$aMNUA
=050  \4$aHB161$b.G64 no. 14194.12
=082  04$a330.G62
=099  \9$a1790 He
=110  1\$aFrance.$bAssemblée nationale constituante (1789-1791).$bComité d'agriculture et de commerce.
=245  10$aRapport fait a l'Assemblée nationale, au nom du Comité d'agriculture et de commerce, sur la franchise de Dunkerque /$cpar M. Herwyn, secrétaire dudit Comité imprimé par ordre de l'Assemblée nationale.
=246  18$aSur la Franchise de Dunkerque.$5MnU
=264  \1$aA Paris :$bDe l'Imprimerie nationale,$c[1790?]
=300  \\$a31, [1] p ;$c20 cm (8vo)
=336  \\$atext$btxt$2rdacontent
=337  \\$aunmediated$bn$2rdamedia
=338  \\$avolume$bnc$2rdacarrier
=340  \\$m8vo$0http://rdaregistry.info/termList/bookFormat/1003
=500  \\$aCaption title.
=500  \\$aPublication information from colophon.
=500  \\$aSignatures: A-B⁸
=500  \\$aFinal page blank.
=510  4\$aGoldsmiths'-Kress library of economic literature,$cno. 14194.12.
=611  27$aRevolution (France : 1789-1799)$2fast$0(OCoLC)fst01354514
=651  \0$aFrance$xHistory$yRevolution, 1789-1799$xEconomic aspects$vEarly works to 1800.
=651  \0$aDunkerque (France)$xCommerce$vEarly works to 1800.
=650  \7$aCommerce$2fast$0(OCoLC)fst00869279
=650  \7$aEconomics$2fast$0(OCoLC)fst00902116
=651  \7$aFrance$2fast$0(OCoLC)fst01204289
=651  \7$aFrance$zDunkerque$2fast$0(OCoLC)fst01207049
=648  \7$a1789-1799$2fast
=655  \7$aHistory.$2fast$0(OCoLC)fst01411628
=700  1\$aHerwyn de Névèle, Pierre-Antoine-Charles,$ccomte,$d1753-1824,$eauthor.
=909  \\$acat$bMNU$c2017-11-22$dm-mccl
=913  \\$avb16
=997  \\$a1005994060
=998  \\$aLDR:02098cam#a2200481Ii#4500
=998  \\$b008:961216s1790####fr######a#####000#0#fre#d

