=LDR  01898cam a2200433Ii 4500
=001  9975603299601701
=005  20180131125704.0
=008  171122s1790\\\\fr\\\\\\\\\\\\000\0\fre\d
=035  \\$aMB2014
=035  \\$a(OCoLC)1012614383
=040  \\$aMNU$beng$erda$edcrmb$cMNU$dMNU
=043  \\$ae-fr---
=049  \\$aMNUA
=050  \4$aHB151
=099  \9$a1790 Fa
=100  1\$aFarcot, Joseph-Jean-Chrysostome,$d1744-1815,$eauthor.
=245  10$aQuestions constitutionelles sur le commerce et l'industrie :$bet projet d'un impot direct sur les commerçans & gens à industrie en remplacement des impôts quelconques sur le commerce & l'industrie : proposés a l'Assemblée nationale /$cpar des négocians françois ; rédigés par Joseph-Jean Chrysostome Farcot.
=264  \0$aA Paris :$bChez Le Clere, Libraire, rue S. Martin, près celle aux Ours, No. 254,$c1790.
=300  \\$a227, [1] pages ;$c20 cm (8vo)
=336  \\$atext$btxt$2rdacontent
=337  \\$aunmediated$bn$2rdamedia
=338  \\$avolume$bnc$2rdacarrier
=340  \\$m8vo$0http://rdaregistry.info/termList/bookFormat/1003
=500  \\$aSignatures: A-O⁸ P²
=500  \\$aTitle page vignette, head- and tail-pieces.
=611  27$aRevolution (France : 1789-1799)$2fast$0(OCoLC)fst01354514
=651  \0$aFrance$xCommerce$xHistory$y18th century.
=651  \0$aFrance$xHistory$yRevolution, 1789-1799$xEconomic aspects.
=650  \7$aCommerce$2fast$0(OCoLC)fst00869279
=650  \7$aEconomics$2fast$0(OCoLC)fst00902116
=651  \7$aFrance$2fast$0(OCoLC)fst01204289
=648  \7$a1700-1799$2fast
=655  \7$aHistory.$2fast$0(OCoLC)fst01411628
=710  1\$aFrance.$bAssemblée nationale constituante (1789-1791)
=909  \\$acat$bMNU$c2017-11-22$dm-mccl$eori
=913  \\$avb16
=997  \\$a1012614383
=998  \\$aLDR:01819cam#a2200385Ii#4500
=998  \\$b008:171122s1790####fr############000#0#fre#d

