=LDR  01572cam a2200409Ii 4500
=001  9975603304101701
=005  20180131125659.0
=008  890524s1790\\\\fr\\\\\\\\\\\\000\0\fre\d
=035  \\$aMB653
=035  \\$a(OCoLC)19760050
=040  \\$aHBS$beng$erda$edcrmb$cHBS$dOCLCQ$dOCLCF$dOCLCQ$dOCLCO$dMNU
=043  \\$aas-----$aaz-----$ae-fr---
=049  \\$aMNUA
=099  \9$a1790 Co1
=245  00$aPrécis pour les actionnaires de la Compagnie des Indes :$ben réponse à l'addresse présentée à l'Assemblée nationale par les deputés extraordinaires des manufactures et du commerce du royaume.
=264  \0$a[Paris?] :$b[publisher not identified],$cMDCCXC [1790]
=300  \\$a27, [1] pages ;$c25 cm (4to)
=336  \\$atext$btxt$2rdacontent
=337  \\$aunmediated$bn$2rdamedia
=338  \\$avolume$bnc$2rdacarrier
=340  \\$m4to$0http://rdaregistry.info/termList/bookFormat/1002
=500  \\$aCaption title; date from p. 27.
=500  \\$aLast page blank.
=500  \\$aHead-piece.
=500  \\$aSignatures: A-C⁴ D².
=610  20$aCompagnie des Indes.
=651  \0$aEast Indies$xCommerce.
=651  \0$aFrance$xCommerce$zEast Indies.
=610  27$aCompagnie des Indes$2fast$0(OCoLC)fst00582899
=650  \7$aCommerce$2fast$0(OCoLC)fst00869279
=651  \7$aAsia$zEast Indies$2fast$0(OCoLC)fst01245117
=651  \7$aFrance$2fast$0(OCoLC)fst01204289
=909  \\$acat$bMNU$c2017-11-21$dm-mccl
=913  \\$avb16
=997  \\$a19760050
=998  \\$aLDR:01502cam#a2200373Ii#4500
=998  \\$b008:890524s1790####fr############000#0#fre#d

