=LDR  02220cam a2200529Ii 4500
=001  9975603408201701
=005  20180131125706.0
=008  801112s1790\\\\enk\\\\\\\\\\\000\0\eng\d
=015  \\$a90562811X  rev  r853$2can
=016  \\$a(AMICUS)000004497357
=029  1\$aAU@$b000020811586
=029  1\$aNZ1$b10782072
=029  1\$aNZ1$b1174699
=035  \\$aB1196
=035  \\$a(OCoLC)6931017
=040  \\$aVA@$beng$erda$edcrmb$cVA@$dOCLCQ$dOCLCG$dHDC$dOCLCQ$dOCLCA$dWAU$dOCLCQ$dOCLCO$dNLC$dMNU
=043  \\$an-usp--$an-cn-bc
=049  \\$aMNUA
=050  \4$aF851.5$b.D5
=082  04$a910.4$bM463zd
=099  \9$a1790 Di
=100  1\$aDixon, George,$d-1800?,$eauthor.
=245  10$aRemarks on the voyages of John Meares, Esq. :$bin a letter to that gentleman /$cby George Dixon, late Commander of the Queen Charlotte, in a voyage around the world.
=264  \1$aLondon :$bPrinted for the author, and sold by John Stockdale, Piccadilly and George Goulding, James Street, Covent Garden,$cMDCCXC [1790]
=300  \\$a37, [5] pages ;$c29 cm (4to)
=336  \\$atext$btxt$2rdacontent
=337  \\$aunmediated$bn$2rdamedia
=338  \\$avolume$bnc$2rdacarrier
=340  \\$m4to$0http://rdaregistry.info/termList/bookFormat/1002
=500  \\$aBookseller's advertisements, pages [1-4] at end.
=500  \\$aSignatures: A-I² K² (-K2) L²
=500  \\$aFinal page is blank.
=510  4\$aSabin$c20361
=510  4\$aBrown, J.C. Cat., 1493-1800,$cIII : 3366
=600  10$aMeares, John,$d1756?-1809.$tVoyages made in the years 1788 and 1789, from China to the North West coast of America.
=650  \0$aFur trade$zNorthwest, Pacific$vEarly works to 1800.
=650  \0$aVoyages around the world$vEarly works to 1800.
=650  \0$aScientific expeditions$vEarly works to 1800.
=651  \0$aNorthwest Coast of North America$vEarly works to 1800.
=655  \7$aPublishers' catalogs$zEngland$zLondon$y1790.$2rbgenr
=700  1\$aStockdale, John,$d1749?-1814,$ebookseller.
=700  1\$aGoulding, George$ebookseller.
=909  \\$acat$bMNU$c2017-11-21$dm-mccl
=913  \\$avb16
=997  \\$a6931017
=998  \\$aLDR:02096cam#a2200493Ii#4500
=998  \\$b008:801112s1790####enk###########000#0#eng#d

