=LDR  01578nam a2200409Ii 4500
=001  9975608807501701
=005  20180131125701.0
=008  171127s1790\\\\enk\\\\\\\\\\\000\0\eng\d
=035  \\$aMB4778
=035  \\$a(OCoLC)1012946840
=040  \\$aMNU$beng$erda$edcrmb$cMNU
=043  \\$aa-ii---
=049  \\$aMNUA
=050  \4$aDS473.5
=099  \9$a1790 Let
=245  00$aLetters, containing a correct and important elucidation of the subject of Mr. Hastings's impeachment :$bwhich originally appeared in the Oracle.
=246  16$aCaption title: Elucidation of the subject of Mr. Hastings's impeachment.
=264  \0$aLondon :$bPrinted by and for J. Bell, ... British Library, The Strand,$c1790.
=300  \\$av, 114 pages ;$c21 cm (8vo)
=336  \\$atext$btxt$2rdacontent
=337  \\$aunmediated$bn$2rdamedia
=338  \\$avolume$bnc$2rdacarrier
=340  \\$m8vo$0http://rdaregistry.info/termList/bookFormat/1003
=500  \\$a"Price Half-a-Crown".
=500  \\$aSignatures: pi² (-pi2) A-O⁴ P² (-P2)
=600  10$aHastings, Warren,$d1732-1818
=651  \0$aIndia$xPolitics and government$y1765-1947.
=600  17$aHastings, Warren,$d1732-1818$2fast$0(OCoLC)fst00153371
=650  \7$aPolitics and government$2fast$0(OCoLC)fst01919741
=651  \7$aIndia$2fast$0(OCoLC)fst01210276
=648  \7$a1765-1947$2fast
=700  1\$aBell, John,$d1745-1831,$ebookseller.
=909  \\$acat$bMNU$c2017-11-27$dm-mccl$eori
=913  \\$avb16
=997  \\$a1012946840
=998  \\$aLDR:01431nam#a2200361Ii#4500
=998  \\$b008:171127s1790####enk###########000#0#eng#d

