=LDR  02309cam a2200541Ii 4500
=001  9975609306001701
=005  20180131125724.0
=008  830308s1787\\\\enk\\\\\\\\\\\000\0\eng\d
=029  1\$aAU@$b000005037837
=029  1\$aAU@$b000058187640
=035  \\$aMB438
=035  \\$a(OCoLC)9289811
=040  \\$aKUK$beng$erda$edcrmb$cKUK$dOCLCQ$dOCLCG$dUIU$dHBS$dOCLCQ$dOCLCO$dOCLCA$dOCLCQ$dOCLCF$dOCLCO$dUEJ$dMNU
=043  \\$ae-uk---$ae-fr---
=049  \\$aMNUA
=050  \4$aHF1733.G72$bF740
=082  04$a330$bG62
=099  \9$a1787 He
=100  1\$aKnox, William,$d1732-1810,$eauthor.
=245  10$aHelps to a right decision upon the merits of the late treaty of commerce with France :$baddressed to the members of both Houses of Parliament.
=264  \1$aLondon :$bPrinted for J. Debrett, opposite Burlington-House, in Piccadilly,$cMDCCLXXXVII [1787]
=300  \\$a44 pages ;$c22 cm (8vo)
=336  \\$atext$btxt$2rdacontent
=337  \\$aunmediated$bn$2rdamedia
=338  \\$avolume$bnc$2rdacarrier
=340  \\$m8vo$0http://rdaregistry.info/termList/bookFormat/1003
=500  \\$aTreaty of 26 September 1786.
=500  \\$aAuthorship attributed to Knox by British Museum general catalog of printed books.
=500  \\$aSignatures: A-E⁴ F².
=510  4\$aESTC,$cT36086
=510  4\$aGoldsmiths' Lib. cat.,$c13403
=630  00$aProvisional Articles of Peace Between Great Britain and the United States$d(1782 November 30)
=630  07$aProvisional Articles of Peace Between Great Britain and the United States (1782 November 30)$2fast$0(OCoLC)fst01916316
=651  \0$aGreat Britain$xCommerce$zFrance$vEarly works to 1800.
=651  \0$aFrance$xCommerce$zGreat Britain$vEarly works to 1800.
=651  \0$aGreat Britain$vCommercial treaties.
=651  \0$aFrance$vCommercial treaties.
=650  \7$aCommerce$2fast$0(OCoLC)fst00869279
=651  \7$aFrance$2fast$0(OCoLC)fst01204289
=651  \7$aGreat Britain$2fast$0(OCoLC)fst01204623
=655  \7$aEarly works.$2fast$0(OCoLC)fst01411636
=700  1\$aDebrett, John,$d-1822,$epublisher.
=752  \\$aGreat Britain$bEngland$dLondon.
=909  \\$acat$bMNU$c2017-11-29$dm-mccl
=913  \\$avb16
=997  \\$a9289811
=998  \\$aLDR:02192cam#a2200505Ii#4500
=998  \\$b008:830308s1787####enk###########000#0#eng#d

