=LDR  01675nam a2200421Ii 4500
=001  9975609309001701
=005  20180131125727.0
=008  171127s1790\\\\fr\\\\\\\\\\\o000\0\fre\d
=035  \\$aMB2455
=035  \\$a(OCoLC)1012946586
=040  \\$aMNU$beng$erda$edcrmb$cMNU
=043  \\$ae-fr---
=049  \\$aMNUA
=099  \9$a1790 Le
=110  1\$aFrance.$bMarine.
=245  10$aMémoire sur la Marine, ou idées générales d'une constitution pour toutes les branches de ce département; ... Présenté à l'Assemblée Nationale de France.
=264  \1$aA Paris :$bChez Clousier, rue de Sorbonne, et se trouve chez Gattey, Libraire au Palais Royal, No. 14,$c1790.
=300  \\$aiv, 82 pages ;$c26 cm (4to)
=336  \\$atext$btxt$2rdacontent
=337  \\$aunmediated$bn$2rdamedia
=338  \\$avolume$bnc$2rdacarrier
=340  \\$m4to$0http://rdaregistry.info/termList/bookFormat/1002
=500  \\$aAtttributed to Daniel Lescallier.
=500  \\$aHalf title.
=500  \\$aSignatures: pi⁴ A-K⁴ L²
=500  \\$aFinal leaf is blank.
=500  \\$aTitle page vignette, head-pieces.
=610  10$aFrance.$bMarine$vEarly works to 1800.
=650  \0$aMerchant marine$zFrance$vEarly works to 1800.
=651  \0$aFrance$xCommercial policy$vEarly works to 1800.
=700  1\$aLescallier, Daniel,$cbaron,$d1743-1822,$eauthor.
=700  1\$aClousier, Jacques-Gabriel,$d-1804?,$ebookseller.
=700  1\$aGattey, François-Charles,$d1756-1794,$ebookseller.
=909  \\$acat$bMNU$c2017-11-27$dm-mccl$eori
=913  \\$avb16
=997  \\$a1012946586
=998  \\$aLDR:01614nam#a2200385Ii#4500
=998  \\$b008:171127s1790####fr###########o000#0#fre#d

