=LDR  02795nam a2200493Ii 4500
=001  9975609397201701
=005  20180131125732.0
=008  171129s1787\\\\dk\af\\\\b\\\\000\0\ger\d
=035  \\$aMB2594
=035  \\$a(OCoLC)1013475000
=040  \\$aMNU$beng$erda$edcrmb$cMNU
=041  1\$ager$hdan
=049  \\$aMNUA
=099  \9$a1787 He1
=245  00$aHistorische Abhandlungen der königlichen Gesellschaft der Wissenschaften zu Kopenhagen.$n3. Band /$caus dem Danischen übersetzt und zum Theil mit Vermehrungen und Verbesserungen ihrer Verfasser, auch einigen eigenen Anmerkungen herausgegeben von Valentin August Heinze.
=264  \1$aKopenhagen :$bbei Christ. Gottl. Prost,$c1787.
=300  \\$axii, 374 pages, [1] folded leaf of plates :$billustrations ;$c22 cm (8vo)
=336  \\$atext$btxt$2rdacontent
=337  \\$aunmediated$bn$2rdamedia
=338  \\$avolume$bnc$2rdacarrier
=340  \\$m8vo$0http://rdaregistry.info/termList/bookFormat/1003
=505  00$tErörterung der Frage: Ob der Königin Margaretha die im Jahre 1386 geschehene Belehnung des Grafen Gerhard zu Holstein mit dem Herzogthume Schleswig, als ein Statsfehler, zur Last gelegt werden könne? /$rAdolph Gotthard Carstens.
=505  00$tDer Handlung und Schiffarth der Dänen und Norweger in den heidnischen Zeiten /$rPeter Friederich von Suhm.
=505  00$tWahre Herkunft der Königin Euphemia, Gemahlin des König von Dänemark Christoph des Zweiten /$rAdolph Gotthard Carstens.
=505  00$tNachricht vom Danegield, oder der jährlichen Steuer, welche die Engländer vormals den Dänen bezahlen muszten, als diese mit ihren Flotten England beschützten; aus unsern eigenen und Englischen Schriften gesammelt /$rErich Pontoppidan.
=505  00$tKönig Christian des Andern vorgehabter Religionsverbesserung in Dänemark, nebst mehrern Materien, welche zur Geschichte dieses Königs und der Dänischen Kirche gehören /$rHans Gram.
=505  00$tVon dem Namen Christiern /$rHans Gram.
=505  00$tSeegeschichte Dänemarks und Norwegens. Erster Zeitraum /$rLudewig von Holberg.
=500  \\$aFraktur.
=500  \\$aTitle page vignette, head- and tail-pieces.
=504  \\$aIncludes bibliographical references.
=650  \0$aWorld history$vEarly works to 1800.
=700  1\$aCarstens, Adolph Gotthard,$eauthor.
=700  1\$aSuhm, P. F.,$eauthor.
=700  1\$aPontoppidan, Erik,$d1698- ,$eauthor.
=700  1\$aGram, Hans,$eauthor.
=700  1\$aHolberg, Ludvig,$eauthor.
=700  1\$aHeinze, Valentin August,$eeditor.
=700  1\$aProst, Christian Gottlieb,$ebookseller.
=909  \\$acat$bMNU$c2017-11-29$dm-mccl$eori
=913  \\$avb16
=997  \\$a1013475000
=998  \\$aLDR:02778nam#a2200457Ii#4500
=998  \\$b008:171129s1787####dk#af####b####000#0#ger#d

