=LDR  02255cam a2200505Ii 4500
=001  9975609401001701
=005  20180131125738.0
=008  810406m17871791ru\bfe\\\\\\\\000\0\ger\d
=035  \\$aMB6323
=035  \\$a(OCoLC)77926691
=040  \\$aIUL$beng$erda$edcrmb$cSMI$dOCLCG$dOCLCF$dOCLCO$dOCLCQ$dMNU
=043  \\$ae-ur---$ae-urk--
=049  \\$aMNUA
=099  \9$a1787 Gu
=100  1\$aGüldenstädt, Johann Anton,$d1745-1781,$eauthor.
=245  10$aReisen durch Russland und im Caucasischen Gebürge :$bauf Befehl der russisch-Kayserlichen Akademie der Wissenschaften /$cherausgegeben von P.S. Pallas ...
=264  \1$aSt. Petersburg :$bBey der Kayserl. Akademie der Wissenschaften,$c1787-1791.
=300  \\$a2 volumes :$bfolded map, folded plates ;$c27 cm (4to)
=336  \\$atext$btxt$2rdacontent
=337  \\$aunmediated$bn$2rdamedia
=338  \\$avolume$bnc$2rdacarrier
=340  \\$m4to$0http://rdaregistry.info/termList/bookFormat/1002
=500  \\$aAt head of title: D. Johann Anton Güldenstädt ...
=500  \\$aFraktur.
=500  \\$aHead- and tail-pieces.
=500  \\$aVolume 1: XIII, [1] folded leaves of plates, including 2 maps and 1 plan; volume 2: 6, [8] folded leaves of plates, including 2 maps.
=500  \\$aWörterversammlung zur vergleichung der im Caukasus gangbaren Sprachen: pages 495-552.
=650  \0$aNatural history$zRussia$vPre-Linnean works.
=650  \0$aNatural history$zCaucasus$vPre-Linnean works.
=650  \0$aEthnology$zRussia$vEarly works to 1800.
=650  \0$aEthnology$zCaucasus$vEarly works to 1800.
=651  \0$aRussia$xDescription and travel$vEarly works to 1800.
=651  \0$aCaucasus$xDescription and travel$vEarly works to 1800.
=650  \7$aEthnology$2fast$0(OCoLC)fst00916106
=650  \7$aNatural history.$2fast$0(OCoLC)fst01034268
=650  \7$aTravel$2fast$0(OCoLC)fst01155558
=651  \7$aCaucasus$2fast$0(OCoLC)fst01244425
=651  \7$aRussia$2fast$0(OCoLC)fst01207312
=700  1\$aPallas, Peter Simon,$d1741-1811$eeditor.
=710  2\$aAkademii︠a︡ nauk SSSR
=909  \\$acat$bMNU$c2017-11-28$dm-mccl
=913  \\$avb16
=997  \\$a77926691
=998  \\$aLDR:02180cam#a2200469Ii#4500
=998  \\$b008:810406m17871791ru#bfe########000#0#ger#d

