=LDR  01538nam a2200349 i 4500
=001  9919684350001701
=005  20170329052352.0
=008  130307s1784\\\\fr\\\\\\\\\\\l000\0\fre\d
=035  \\$a(Aleph)006682495UMN01
=035  \\$aMB1596
=035  \\$a(OCoLC)862101152
=040  \\$aMnU$beng$erda$edcrmb$cMnU
=099  \9$a1784 La
=100  0\$aBernon de Salins,$dactive 1759-1767,$eauthor.
=245  10$aRéponse de la Chambre de Commerce de la Rochelle :$ba un mémoire qui a pour titre Sur l'étendue & les bornes des Loix prohibitives du Commerce étranger dans les Colonies.
=246  18$aSur les loix prohibitives
=264  \1$a[France?] :$b[publisher not identified],$c[1784?]
=300  \\$a15 pages, 1 unnumbered page ;$c24 cm (4to)
=336  \\$atext$btxt$2rdacontent
=337  \\$aunmediated$bn$2rdamedia
=338  \\$avolume$bnc$2rdacarrier
=340  \\$m4to$0http://rdaregistry.info/termList/bookFormat/1002
=500  \\$aSignatures: A⁸
=500  \\$aHead-piece and initial.
=500  \\$aBound with: Observations de la Chambre de Commerce de la Rochelle : sur un mémoire qui a pour titre Sur les retours des colonies.
=610  10$aLa Rochelle (France).$bChambre de Commerce.$tObservations de la Chambre de Commerce de la Rochelle.
=651  \0$aLa Rochelle (France)$xCommerce$vEarly works to 1800.
=651  \0$aFrance$xCommercial policy$vEarly works to 1800.
=967  \\$ascs20170325
=997  \\$a862101152
=998  \\$aLDR:01475nam#a2200325#i#4500
=998  \\$b008:130307s1784####fr###########l000#0#fre#d

