=LDR  02058nam a2200493 i 4500
=001  9919894080001701
=005  20170329053953.0
=008  130821s1785\\\\sz\\\\\\\\\\\\000\0\fre\d
=035  \\$a(Aleph)006644060UMN01
=035  \\$aMB1587
=035  \\$a(OCoLC)856540973
=040  \\$aMNU$beng$erda$edcrmb$cMNU
=049  \\$aMNUA
=050  \4$aHB153$b.D83 1785
=099  \9$a1785 Du
=100  1\$aDu Buc, Jean Baptiste,$d1717-1795$eauthor.
=245  10$aLettres critiques et politiques sur les colonies & le commerce des villes maritimes de France :$badressées à G.T. Raynal /$cpar M. ***.
=264  \1$aA Genève et se trouve á Paris :$b[publisher not identified],$cMDCCLXXXV [1785]
=300  \\$a9 unnumbered pages, 264, 13 pages, 3 unnumbered pages ;$c23 cm (8vo)
=336  \\$atext$btxt$2rdacontent
=337  \\$aunmediated$bn$2rdamedia
=338  \\$avolume$bnc$2rdacarrier
=340  \\$m8vo$0http://rdaregistry.info/termList/bookFormat/1003
=500  \\$aAttributed to Jean Baptiste Du Buc and Pierre Ulric Dubuisson.--NUC pre-1956.
=500  \\$aIncludes: Conversation d'un officier d'artillerie.
=500  \\$aErrata precede text.
=500  \\$aDeals mainly with the West Indies.
=500  \\$aSignatures: pi⁴ A-Q⁸ R⁴ [star]⁸
=500  \\$aTitle page vignette, head- and tail-pieces.
=500  \\$aHalf-title included.
=650  \0$aAgriculture$xEconomic aspects$zWest Indies, French.
=650  \0$aSlaves$zWest Indies, French$xSocial conditions.
=651  \0$aFrance$xColonies$zAmerica$xEconomic policy.
=651  \0$aWest Indies, French$xCommerce$zFrance.
=651  \0$aFrance$xCommerce$zWest Indies, French.
=700  1\$aDubuisson, Pierre-Ulric,$d1746-1794,$eauthor.
=700  1\$aRaynal,$cabbé$q(Guillaume-Thomas-François),$d1713-1796,$eaddressee.
=700  02$aConversation d'un officier d'artillerie.
=926  \\$aMARS
=967  \\$ascs20170325
=968  \\$aRDA ENRICHED
=997  \\$a856540973
=998  \\$aLDR:02017nam#a2200469#i#4500
=998  \\$b008:130821s1785####sz############000#0#fre#d

