=LDR  01604nam a2200421 a 4500
=001  9942221070001701
=005  20170402053538.0
=008  120919s1780\\\\xx\\\\\\\\\\\\000\0\dut\d
=035  \\$a(Aleph)006382033UMN01
=035  \\$aB1393
=035  \\$a(OCoLC)810288032
=040  \\$aMNU$beng$edcrmb$cMNU
=043  \\$ae-uk---$ae-ne---$anw-----$an-us---
=049  \\$aMNUA
=050  \4$aDJ205$b.S73 1780
=099  \9$a1780 St
=245  00$aStaatkundige aanmerkingen over het gehouden gedrag der Engelschen op den 9 Augustus 1780 in de groote Baay van het eiland St. Martin.
=260  \\$a[Place of publication not identified] :$b[publisher not identified],$cMDCCLXXX [1780]
=300  \\$a27 pages, 1 unnumbered page ;$c22 cm (8vo)
=336  \\$atext$btxt$2rdacontent
=337  \\$aunmediated$bn$2rdamedia
=338  \\$avolume$bnc$2rdacarrier
=340  \\$m8vo$0http://rdaregistry.info/termList/bookFormat/1003
=500  \\$aTitle-page vignette, head- and tail-pieces.
=500  \\$aSignatures: A⁸ B⁸ (-B7-8)
=650  \0$aAnglo-Dutch War, 1780-1784.
=651  \0$aSaint Martin (West Indies)$xHistory.
=651  \0$aWest Indies$xHistory$y1775-1783.
=651  \0$aNetherlands$xForeign relations$y1778-1783.
=651  \0$aNetherlands$xForeign relations$zGreat Britain.
=651  \0$aGreat Britain$xForeign relations$zNetherlands.
=651  \0$aUnited States$xHistory$yRevolution, 1775-1783.
=926  \\$aMARS
=967  \\$ascs20170325
=968  \\$aRDA ENRICHED
=997  \\$a810288032
=998  \\$aLDR:01516nam#a2200397#a#4500
=998  \\$b008:120919s1780####xx############000#0#dut#d

