=LDR  01907nam a2200469 a 4500
=001  9942409410001701
=005  20170402055937.0
=008  861031s1785\\\\enk\\\\\\\\\\\000\0\eng\d
=035  \\$a(Aleph)003070686UMN01
=035  \\$a(MnU)notisANU9888
=035  \\$a(OCoLC)30452972
=040  \\$aPU$cPU$dMnU
=043  \\$ae-uk---
=050  \4$aHB151
=245  00$aWe have been all in the wrong, or Thoughts upon the dissolution of the late, and conduct of the present Parliament, and upon Mr. Fox's East-India bills.
=260  \\$aLondon :$bPrinted for J. Debrett,$c1785.
=300  \\$a4 unnumbered pages, 70 pages, 2 unnumbered pages ;$c22 cm (8vo)
=336  \\$atext$btxt$2rdacontent
=337  \\$aunmediated$bn$2rdamedia
=338  \\$avolume$bnc$2rdacarrier
=340  \\$m8vo$0http://rdaregistry.info/termList/bookFormat/1003
=490  1\$a[Ames Library pamphlet collection ;$v54:2]
=500  \\$aHas been attributed to Sir John Dalrymple by Washington University.
=500  \\$aAdvertisements: [2] pages at end.
=510  4\$aGoldsmiths' Lib. cat.$c13113
=600  10$aFox, Charles James,$d1749-1806.
=600  00$aGeorge$bIII,$cKing of Great Britain,$d1738-1820
=610  10$aGreat Britain.$bParliament$xDissolution.
=610  20$aEast India Company$xEarly works to 1800.
=610  10$aGreat Britain.$bParliament.$bHouse of Commons$xPowers and duties.
=651  \0$aGreat Britain$xPolitics and government$y1760-1789.
=700  1\$aDalrymple, John,$cSir,$d1726-1810.
=740  0\$aThoughts upon the dissolution of the late, and conduct of the present Parliament.
=773  18$gno:54$w9953698840001701
=830  \0$a[Ames Library pamphlet collection ;$v54:2].
=926  \\$aMARS
=967  \\$ascs20170325
=968  \\$aRDA ENRICHED
=997  \\$a30452972
=998  \\$aLDR:01837nam#a2200457#a#4500
=998  \\$b008:861031s1785####enk###########000#0#eng#d
=999  99$aANU9888$bUL

