=LDR  02116cam a2200553 a 4500
=001  9942417310001701
=005  20170402060000.0
=008  910913s1783\\\\enk\\\\\\\\\\\000\0\eng\d
=035  \\$a(Aleph)003070628UMN01
=035  \\$a(MnU)notisANU9569
=035  \\$aMB1228
=035  \\$a(OCoLC)30452939
=040  \\$aMnU$cMnU$dMnU
=043  \\$aa-ii---$ae-uk---
=050  \4$aDS473$b.PC49:5
=050  \4$aDS473$b.PC50:5
=050  \4$aDS473$b.PC84:2
=050  \4$aDS473$b.PC95:4
=099  \9$a1783 Ea
=245  00$aProceedings at a general court of proprietors of East India stock, held at the India-House on Friday, November 7, 1783, relative to the Hon. Warren Hastings, Governor General of Bengal.
=260  \\$aLondon :$bPrinted for J. Debrett, opposite Burlington House, Piccadilly,$cMDCCLXXIII [1783]
=300  \\$aviii, 108 pages ;$c22 cm (8vo)
=336  \\$atext$btxt$2rdacontent
=337  \\$aunmediated$bn$2rdamedia
=338  \\$avolume$bnc$2rdacarrier
=340  \\$m8vo$0http://rdaregistry.info/termList/bookFormat/1003
=490  1\$a[Ames Library pamphlet collection ;$v49:5]
=490  1\$a[Ames Library pamphlet collection ;$v50:5]
=490  1\$a[Ames Library pamphlet collection ;$v84:2]
=490  1\$a[Ames Library pamphlet collection ;$v95:4]
=600  10$aHastings, Warren,$d1732-1818
=650  \0$aMaratha War, 1775-1782$vSources.
=651  \0$aBengal (India)$xPolitics and government$vEarly works to 1800.
=710  2\$aEast India Company.$bGeneral Court.
=773  18$gno:49$w9953698840001701
=773  18$gno:50$w9953698840001701
=773  18$gno:84$w9953698840001701
=773  18$gno:95$w9953698840001701
=830  \0$a[Ames Library pamphlet collection ;$v49:5].
=830  \0$a[Ames Library pamphlet collection ;$v50:5].
=830  \0$a[Ames Library pamphlet collection ;$v84:2].
=830  \0$a[Ames Library pamphlet collection ;$v95:4].
=926  \\$aMARS
=967  \\$ascs20170325
=968  \\$aRDA ENRICHED
=997  \\$a30452939
=998  \\$aLDR:02046cam#a2200541#a#4500
=998  \\$b008:910913s1783####enk###########000#0#eng#d
=999  99$aANU9569$bUL

