=LDR  01579nam a2200421 a 4500
=001  9942448120001701
=005  20170402055159.0
=008  121219s1783\\\\fr\\\\\\\\\\\\000\0\fre\d
=035  \\$a(Aleph)006424982UMN01
=035  \\$aMB2642
=035  \\$a(OCoLC)822894223
=040  \\$aMnU$beng$edcrmb$cMnU
=043  \\$ae-fr---
=050  \4$aHB151$b.M35 1783
=099  \9$a1783 Du
=100  1\$aDupré de Saint-Maur, Nicolas-François,$d1695-1774.
=245  10$aMémoire sur la décadence du commerce de Bayonne et Saint-Jean-de-Luz :$bet sur les moyens de le rétablir /$clu par M. Dupré de Saint-Maur.
=246  18$aCommerce de Bayonne
=260  \\$aA Bordeaux :$bChez Michel Racle, Imprimeur-Agrégé de l'Académie, rue Saint-James,$cMDCCLXXXIII [1783]
=300  \\$a64 pages ;$c24 cm (4to)
=336  \\$atext$btxt$2rdacontent
=337  \\$aunmediated$bn$2rdamedia
=338  \\$avolume$bnc$2rdacarrier
=340  \\$m4to$0http://rdaregistry.info/termList/bookFormat/1002
=500  \\$aSignatures: A-H⁴
=500  \\$aTitle-page vignette, head-piece.
=651  \0$aFrance$xCommerce$vEarly works to 1800.
=651  \0$aBayonne (France)$xCommerce$vEarly works to 1800.
=651  \0$aSaint-Jean-de-Luz (France)$xCommerce$vEarly works to 1800.
=700  1\$aRacle, Michel,$ebookseller.
=710  1\$aBayonne (France)
=710  1\$aSaint-Jean-de-Luz (France)
=926  \\$aMARS
=967  \\$ascs20170325
=968  \\$aRDA ENRICHED
=997  \\$a822894223
=998  \\$aLDR:01540nam#a2200397#a#4500
=998  \\$b008:121219s1783####fr############000#0#fre#d

