=LDR  01658ntm a2200445Ii 4500
=001  9975792998801701
=005  20200316082340.0
=008  180926m17531782po\af\\\\\\\\\000\0\por\d
=035  \\$a(OCoLC)1054358388
=035  \\$aBA2018004
=040  \\$aMNU$beng$edcrmmss$cMNU
=043  \\$ae-po---
=050  \4$aHF5698$b.A75 1753
=099  \9$a1753 Ar
=245  00$aArismetica :$bmanuscript,$fcirca 1753-1782.
=260  \\$aPortugal?,$cbetween 1753 and 1782.
=300  \\$a[3], 175 pages :$bpaper, hand-colored illustrations and coat of arms ;$c22 x 17 x 3 cm (4to)
=336  \\$atext$btxt$2rdacontent
=337  \\$aunmediated$bn$2rdamedia
=338  \\$avolume$bnc$2rdacarrier
=340  \\$m4to$0http://rdaregistry.info/termList/bookFormat/1002
=500  \\$aTitle from title page.
=500  \\$aTitle within ornate hand-drawn border.
=500  \\$aText within black double border.
=500  \\$aIncludes calligraphic drawings.
=520  \\$aCompendium of arithmetic from the second half of the 18th century intended for commerical learning, the conversion of measures, and the prices of textiles and foodstuffs.
=546  \\$aIn Portuguese.
=540  \\$aNo restrictions on access.
=500  \\$aChiefly tables.
=650  \0$aManuscripts$vSpecimens.
=650  \0$aReady-reckoners.
=650  \0$aMeasurement$vConversion tables.
=650  \0$aBusiness mathematics.
=650  \0$aArithmetic$vEarly works to 1900.
=651  \0$aPortugal$xCommerce.
=752  \\$aPortugal.
=909  \\$acat$bMNU$c2018-09-26$dkkdavis
=997  \\$a1054358388
=998  \\$aLDR:01588ntm#a2200433Ii#4500
=998  \\$b008:180926m17531782po#af#########000#0#por#d

