=LDR  02396cam a2200541Ii 4500
=001  9975792998901701
=005  20181108141247.0
=008  901002s1818\\\\enk\\\\\\\\\\f000\0\eng\d
=019  \\$a20819144$a63065046
=035  \\$a(OCoLC)22755404$z(OCoLC)20819144$z(OCoLC)63065046
=035  \\$aBA2018002
=040  \\$aDRB$beng$erda$edcrmb$cDRB$dTOH$dOCLCQ$dOCLCF$dOCLCQ$dOCLCO$dMNU
=043  \\$ar------$ae-uk---
=050  \4$aKD3715.G4$bA3 1818
=082  04$a919.8
=099  \9$a1818:G.B.2
=110  1\$aGreat Britain,$eauthor.
=240  10$aAct for more effectually discovering the longitude at sea (1818 May 8)
=245  13$aAn act for more effectually discovering the longitude at sea :$band encouraging attempts to find a northern passage between the Atlantic and Pacific oceans, and to approach the northern pole, 8th May 1818.
=264  \1$aLondon :$bPrinted by George Eyre and Andrew Strahan, Printers to the King's Most Excellent Majesty,$c1818.
=300  \\$apages [193]-200 ;$c31 cm (folio)
=336  \\$atext$btxt$2rdacontent
=337  \\$aunmediated$bn$2rdamedia
=338  \\$avolume$bnc$2rdacarrier
=340  \\$mfolio$0http://rdaregistry.info/termList/bookFormat/1001
=490  1\$aGreat Britain. Official documents relating to trade, etc.$v1818:2
=500  \\$aAt head of title: Anno quinquagesimo octavo Georgii III regis.
=500  \\$aSignatures: 3C-3D.
=500  \\$aWatermark: JS 1817.
=500  \\$aPrinted marginal notations.
=651  \0$aGreat Britain$xDiscovery and exploration.
=650  \0$aLongitudinal method.
=651  \0$aNorth Pole.
=651  \0$aNorthwest Passage.
=650  \7$aDiscoveries in geography$2fast$0(OCoLC)fst00894950
=650  \7$aLongitudinal method$2fast$0(OCoLC)fst01002409
=651  \7$aArctic Ocean$zNorth Pole$2fast$0(OCoLC)fst01242502
=651  \7$aArctic Ocean$zNorthwest Passage.$2fast$0(OCoLC)fst01242546
=651  \7$aGreat Britain$2fast$0(OCoLC)fst01204623
=700  1\$aEyre, George,$eprinter.
=700  1\$aStrahan, Andrew,$d-1831,$eprinter.
=700  1\$aGeorge$bIII,$cKing of Great Britain,$d1738-1820
=752  \\$aGreat Britain$bEngland$dLondon.
=830  \0$aGreat Britain.$tOfficial documents relating to trade, etc.$v1818:2.
=909  \\$acat$bMNU$c2018-09-19$dkkdavis
=997  \\$a22755404
=998  \\$aLDR:02329cam#a2200529Ii#4500
=998  \\$b008:901002s1818####enk##########f000#0#eng#d

