=LDR  02129ctm a2200433Ii 4500
=001  9975792999101701
=005  20181108141943.0
=008  180918s1507\\\\po\\\\\\\\\\\\000\0\lat\d
=035  \\$a(OCoLC)1052785644
=035  \\$aBA2018003
=040  \\$aMNU$beng$edcrmmss$cMNU$dMNU
=043  \\$aas-----$aaz-----$ae-po---$aa-ii---
=099  \9$a1507 fMa
=245  00$aEpistola emanuellis Regis Portugallian Julio II. Pontifici Maximo in qua ipsum certiorem reddit di quadam victoria habita haita [sic] adversus Indos :$bmanuscript,$fSeptember 25 1507.
=264  \0$aLisbon [Portugal],$c1507 September 25.
=300  \\$a1 item ([8] pages) :$bpaper ;$c26 x 19 cm (4to)
=336  \\$atext$btxt$2rdacontent
=337  \\$aunmediated$bn$2rdamedia
=338  \\$avolume$bnc$2rdacarrier
=340  \\$m4to$0http://rdaregistry.info/termList/bookFormat/1002
=500  \\$aDate appears as "XXV septembris millesims quingentesims septims 1507."
=588  \\$aTitle transcribed from caption.
=546  \\$aIn Latin.
=541  \\$aSold by Liber Antiquus in June 2018.
=540  \\$aOpen for research with no restrictions.
=500  \\$aManuscript copy of: Obedientia potentissimi Emanuelis Lusitaniae regis &c. per clarissimum Iuris. V. / consultum Dieghum Pacettu[m] oratorem ad Iuliu[m]. II. Ponti. Max. Anno D[omi]ni M.D.V. Pridie No. Iunii (Bell 1505 Pa).
=650  \0$aManuscripts, Latin$vSpecimens.
=651  \0$aEast Indies$xDiscovery and exploration$xPortuguese$vEarly works to 1800.
=651  \0$aPortugal$xCommerce$zIndia$vEarly works to 1800.
=651  \0$aIndia$xCommerce$zPortugal$vEarly works to 1800.
=651  \0$aPortugal$xHistory$yManuel I, 1495-1521.
=700  1\$iAlso issued as:$aPacheco, Diogo,$dactive 16th century.$tObedientia potentissimi Emanuelis Lusitaniae regis &c. per clarissimum Iuris. V.
=700  0\$aJulius$bII,$cPope,$d1443-1513.
=700  0\$aManuel$bI,$cKing of Portugal,$d1469-1521.
=752  \\$aLisbon$dPortugal.
=909  \\$acat$bMNU$c2018-09-18$dkkdavis$eori
=997  \\$a1052785644
=998  \\$aLDR:02059ctm#a2200421Ii#4500
=998  \\$b008:180918s1507####po############000#0#lat#d

