=LDR  04866cam a2200625Ia 4500
=001  9975805306001701
=005  20191101134842.0
=008  791008s1803\\\\enkacf\\\\\\\\000\d\eng\\
=010  \\$a   20001250 
=019  \\$a5852289$a58931816
=029  1\$aAU@$b000005378092
=035  \\$a(OCoLC)5503043
=040  \\$aDLC$beng$edcrmb$cDGW$dOCL$dSUC$dOCLCQ$dOCLCG$dOCLCQ$dKRTAS$dUXG$dWAU$dOCLCA$dOCLCQ$dOCLCO$dOCLCA$dHCO$dOCLCO$dMNU
=046  \\$ax$c1802
=049  \\$aMNUA
=050  \4$aPR2752$b.S8 1803
=099  \9$a1803 oSh
=100  1\$aShakespeare, William,$d1564-1616
=240  10$aPlays.$sW. Bulmer and Co
=245  14$aThe dramatic works of Shakspeare /$crevised by George Steevens.
=246  31$aDramatic works of Shakespeare
=260  \\$aLondon :$bPrinted by W. Bulmer and Co., Shakspeare Printing Office, for John and Josiah Boydell, and George Nicol, from the types of W. Martin,$c1802 [i.e. 1803]
=300  \\$a9 v. :$bill., 1. port. (engravings) ;$c44 cm (fol.)
=336  \\$atext$btxt$2rdacontent
=337  \\$aunmediated$bn$2rdamedia
=338  \\$avolume$bnc$2rdacarrier
=340  \\$mfolio$0http://rdaregistry.info/termList/bookFormat/1001
=500  \\$aOriginally issued in 18 parts in 1791 and 1802 [i.e. 1803?].
=500  \\$aThe edition is based upon the 1790 Malone and 1793 Steevens editions.
=500  \\$aVolume title pages, with "volume" designation, are all dated 1802.
=500  \\$aWith a dedication leaf "To the King's most excellent majesty" dated June 4th, 1803, signed John Boydell, Josiah Boydell, and George Nicol; advertisement signed "G.N." in v. 1.
=500  \\$aLetterpress printed.
=500  \\$aPlays are paginated separately, have no signatures, and are bound in no designated order.
=500  \\$aEach play has a colophon reading: From the Shakspeare Press, by W. Bulmer & Co.
=500  \\$aNo table of contents or list of plates is given, but the plates correspond with the list given in "Boydell's Graphic illustrations of the dramatic works of Shakspeare," a separate issue of the plates, except that the latter lacks a variation of the first plate in Richard III (Gloster and the princes) while it has in addition (as frontispiece) "Shakspeare nursed by Tragedy and Comedy, " a portrait of John Boydell, a variation of Juliet's supposed death, and a second plate in Titus Adronicus (Lavinia nursing her young nephew, by T. Kirk).
=500  \\$a"Boydell's Graphic illustrations &c." must not be confused with their "Collection of prints, from pictures painted for the purpose of illustrating the dramatic works of Shakspeare," London, 1803, two large folios containing larger plates (100, including the portraits of the King and Queen prefixed, and the two title-vignettes) most of which are entirely different from these smaller plates.
=500  \\$aPlates, dated 1791-1803, are mainly by R. Smirke, W. Hamilton, R. Westall, F. Wheatley, James Northcote, with a few each by Reynolds, Opie, Stothard, and others. Among the engravers who executed the greatest number of plates are James Parker, Anker Smith, and James Heath.
=505  0\$av. 1. Prefaces of Pope and Johnson to the Dramatic works of Shakspeare. Tempest ; Two gentlemen of Verona ; Merry wives of Windsor ; Measure for measure -- v. 2. Comedy of errors ; Much ado about nothing ; Love's labour's lost ; Midsummer-night's dream -- v. 3. Merchant of Venice ; As you like it ; Taming of the shrew ; All's well that ends well -- v. 4. Twelfth-night ; Winter's tale ; Macbeth ; King John -- v. 5. King Richard II ; King Henry IV ; King Henry V -- v. 6. King Henry VI ; King Richard III -- v. 7. King Henry VIII ; Coriolanus ; Julius Caesar ; Antony and Cleopatra -- v. 8. Timon of Athens ; Titus Adronicus ; Troilus and Cressida ; Cymbeline -- v. 9. King Lear ; Romeo and Juliet ; Hamlet ; Othello.
=655  \7$aComedy plays.$2lcgft
=655  \7$aTragedies (Drama)$2lcgft
=655  \7$aHistorical drama$2lcgft
=700  1\$aSteevens, George,$d1736-1800.
=700  1\$aMalone, Edmond,$d1741-1812.
=700  1\$aHamilton, William,$d1751-1801,$eillustrator.
=700  1\$aSmirke, Robert,$d1752-1845,$eillustrator.
=700  1\$aMartin, William,$d1753-$eprinter.
=700  1\$aWestall, Richard,$d1765-1836,$eillustrator.
=710  2\$aJohn and Josiah Boydell (Firm),$ebookseller.
=710  2\$aW. Bulmer and Co.,$eprinter.
=776  08$iOnline version:$aShakespeare, William, 1564-1616.$sPlays. W. Bulmer and Co.$tDramatic works of Shakspeare.$dLondon : Printed by W. Bulmer and Co., Shakspeare Printing Office, for John and Josiah Boydell, and George Nicol, from the types of W. Martin, 1802 [i.e. 1803]$w(OCoLC)990254599
=909  \\$acat$bMNU$c2018-07-02$dkkdavis$eori
=913  \\$avb16
=997  \\$a5503043
=998  \\$aLDR:04716cam#a2200577Ia#4500
=998  \\$b008:791008s1803####enkacf########000#d#eng##

