=LDR  02623ctm a2200433Ii 4500
=001  9975846987501701
=005  20181108132027.0
=008  180918s1831\\\\gw\\\\\\\\\\\\000\0\ger\d
=035  \\$a(OCoLC)1052785202
=035  \\$aBA2018005
=040  \\$aMNU$beng$edcrmmss$cMNU$dMNU
=049  \\$aMNUA
=099  \9$a1861 Er
=100  1\$ad'Erouvray, Nanette,$dapproximately 1805?-$eauthor.
=245  10$aSkizze meiner Reise nach Brasilien :$bmeinen Freunded und Bekannten gewidmet : manuscript$fapproximately 1831 /$cvon Nanette D'Erouvray
=246  14$aMeiner Reise nach Brasilien
=264  \0$aFreising, Bavaria,$capproximately 1831.
=300  \\$a188 pages :$bpaper ;$c21 cm (4to)
=336  \\$atext$btxt$2rdacontent
=337  \\$aunmediated$bn$2rdamedia
=338  \\$avolume$bnc$2rdacarrier
=340  \\$m4to$0http://rdaregistry.info/termList/bookFormat/1002
=588  \\$aTitle transcribed from title page.
=500  \\$aSubtitle appears before statement of responsibility.
=546  \\$aIn German.
=500  \\$aPlace of production from dealer's slip.
=545  \\$aNanette (Anne) d'Erouvray, daughter of the head gardener at the Bavarian castle of Schleißheim, Ludwig d'Erouvray, accompanined the Bavarian princess Amélie de Leuchtenberg (1812-73) to her new home in South America when she was wed to Emperor Pedro I of Brazil.  Nanette was a servent at Leuchtengerg Palace and volunteered for the passage to Brazil.
=520  \\$aBound travel manuscript detailing a young woman's trans-Atlantic journey.  The overland journey begins at Leuchtenberg Palace to Ostend in Belgium, where the bridge Amélie and her entourage are received by a Brazilian countess.  Followed by a steamship journey and transfer to the Imperial frigate Imperatriz.  Arrival in Rio de Janeiro is followed by a dangerous expedition to Minas Gerais and Ouro Preto.  The manuscript describes a visit to Gonron, one of Brazil's principal gold mines, a Brazilian carousel, a visit to a bishop in Mariana, a visit to Oropreta Villerica, Orobranco, and the return trip to Bavaria.
=541  \\$aPurchased from InLibris, LLC. in July 2018.
=546  \\$aIn German manuscript.
=500  \\$aTitle in double black border.
=540  \\$aCollection is open for research with no restrictions.
=600  10$ad'Erouvray, Nanette,$dapproximately 1805?-$xTravel$zBrazil.
=650  \0$aManuscripts, German$vSpecimens.
=651  \0$aBrazil$xDescription and travel.
=909  \\$acat$bMNU$c2018-09-18$dkkdavis$eori
=997  \\$a1052785202
=998  \\$aLDR:02571ctm#a2200421Ii#4500
=998  \\$b008:180918s1831####gw############000#0#ger#d

