=LDR  02429cam a2200493Ii 4500
=001  9975847702801701
=005  20181108155012.0
=008  950926s1793\\\\sw\\\\\\\\\\\\000\0\swe\d
=035  \\$a(OCoLC)33200485
=035  \\$aMB4186
=040  \\$aMUX$beng$erda$edcrmb$cMUX$dOCLCQ$dOCLCG$dKRTAS$dOCLCQ$dOCLCF$dOCLCO$dOCLCQ$dMNU
=041  1\$aswe$hfre
=043  \\$ae-urs--$ae-ru---
=049  \\$aMNUA
=099  9\$a1800 Sp (b)
=100  1\$aLesseps, Jean-Baptiste-Barthélemy,$cbaron de,$d1766-1834,$eauthor.
=240  10$aJournal historique du voyage.$lSwedish
=245  10$aResa genom Kamtschatka och Sibirien år 1787 och 1788 /$caf Herr von Lesseps : sammandrag.
=264  \1$aUpsala :$bTryckt hos direct. Joh. Edmans enka,$c1793.
=300  \\$a[4], 191, [1] pages ;$c18 cm (8vo)
=336  \\$atext$btxt$2rdacontent
=337  \\$aunmediated$bn$2rdamedia
=338  \\$avolume$bnc$2rdacarrier
=340  \\$m8vo$0http://rdaregistry.info/termList/bookFormat/1003
=546  \\$aIn Swedish; translated from French.
=546  \\$aTranslation of: Journal historique du voyage.
=500  \\$aIntroductory note signed: Samuel O̊dmann.
=500  \\$aSignatures pi², A-M⁸; M5 signed L5.
=500  \\$aWoodcuts: printer's device; head- and tail-pieces.
=501  \\$aBound with: En upptäckts-resa till Norra stilla hafvet och kring jordklotet : ǂb att på kongl, engelsk befallning och omkostnad i synnerbet forska efter något segellart sammanbang imellan Norra stilla och Norra Atlantiska hafven, förrättad åhren 1790, 1791, 1792, 1793, 1794, 1795 / under commando af capitain George Vancouver ; Ifrån engelskan i sammandrag utgifven af Anders Sparrman$5MnU
=651  \0$aSiberia (Russia)$xDescription and travel.
=651  \0$aKamchatka Peninsula (Russia)$xDescription and travel.
=651  \0$aSiberia (Russia)$xLanguages.
=650  \7$aLanguage and languages$2fast$0(OCoLC)fst00992154
=650  \7$aTravel$2fast$0(OCoLC)fst01155558
=651  \7$aRussia (Federation)$zKamchatka Peninsula$2fast$0(OCoLC)fst01244918
=651  \7$aRussia (Federation)$zSiberia$2fast$0(OCoLC)fst01243666
=700  1\$aEdmans, Joh.$c(Widow),$epublisher.
=700  1\$aÖdmann, Samuel,$d1750-1829,$etranslator.
=752  \\$aSweden$bUppsala.
=909  \\$acat$bMNU$c2018-09-07$dkkdavis
=997  \\$a33200485
=998  \\$aLDR:02440cam#a2200481Ii#4500
=998  \\$b008:950926s1793####sw############000#0#swe#d

