=LDR  02231cam a2200373Ia 4500
=001  9976104505601701
=005  20190315083200.0
=008  960318s1834\\\\fr\af\\\\\\\\\000\0\fre\d
=010  \\$a   47042199 
=035  \\$a(OCoLC)175298210
=040  \\$aBOH$beng$edcrmb$cBOH$dRBN$dOCLCF$dOCLCQ
=050  00$aSB271$b.M3 1834
=100  1\$aMarquis, F.
=245  10$aDu thé, ou Nouveau traité sur sa culture, sa récolte, sa préparation et ses usages; /$cpar F. Marquis négociant en thés, fournisseur de Sa Majesté la reine; orné de gravures faites d'après nature et d'après les peintures originales de la Chine.
=250  \\$aDeuzième édition, revue et corrigée.
=260  \\$aA Paris, :$bChez Nepveu, libraire, passage des Panoramas, no 6. :$bAudot, libraire, rue des Mathurins Saint-Jacques, no 18. :$bl'auteur, rue Neuve-Vivienne, no 44.,$c1834.$e([Paris] :$fDe l'imprimerie de Crapelet, rue de Vaugirard, no 9.)
=300  \\$a[4], 99, [1] p., [1], 8 leaves of plates (1 folded) :$bill. (1 col.) (etchings), map (lithograph) ;$c23 cm (8vo)
=336  \\$atext$btxt$2rdacontent
=337  \\$aunmediated$bn$2rdamedia
=338  \\$avolume$bnc$2rdacarrier
=340  \\$m8vo$0http://rdaregistry.info/termList/bookFormat/1003
=500  \\$aPrinter from colophon.
=500  \\$aFrontispiece hand-colored.
=500  \\$aCollation: 8vo: pi² 1-6⁸ 7² [{dollar}1 signed]; 52 leaves, pp. [4 unn.] [1] 2-99 [100 (blank)] [routine omissions not noted].
=500  \\$aIssued in printed wrappers.
=650  \0$aTea.
=650  \7$aTea.$2fast$0(OCoLC)fst01144120
=655  \7$aEtchings.$2gmgpc
=655  \7$aEtchings$xColored.$2gmgpc
=752  \\$aFrance$dParis.
=776  08$iOnline version:$aMarquis, F.$tDu thé, ou Nouveau traité sur sa culture, sa récolte, sa préparation et ses usages.$bDeuzième édition, revue et corrigée.$dA Paris, : Chez Nepveu, libraire, passage des Panoramas, no 6. : Audot, libraire, rue des Mathurins Saint-Jacques, no 18. : l'auteur, rue Neuve-Vivienne, no 44., 1834. ([Paris] : De l'imprimerie de Crapelet, rue de Vaugirard, no 9.)$w(OCoLC)867433720
=997  \\$a175298210
=998  \\$aLDR:     cam#a2200361Ia#4500
=998  \\$b008:960318s1834####fr#af#########000#0#fre#d

