=LDR  02598cam a22003615a 4500
=001  9976234907201701
=005  20190607101133.0
=008  870826m17271738ne\a\\\\\b\\\\001\0\dut\\
=016  \\$a(AMICUS)000007449222
=035  \\$a(OCoLC)1007606402
=040  \\$aNLC$beng$cNLC$dNLC$dOCLCQ
=041  1\$adut$hfre
=055  01$aBL75
=084  \\$acoll4$2lacc
=245  00$aNaaukeurige beschryving der uitwendige godtsdienst-plichten, kerk-zeden en gewoontens van alle volkeren der waereldt :$bin een historisch verhaal, met eenige naaukeurige verhandelingen ontvouwen, door verscheiden aanmerkingen opgeheldert : en in kunstige tafereelen afgemaalt /$cgeteekent door Bernard Picard in VI deelen ; vit het fransch in nederduitsch overgezet door Abraham Moubach.
=260  \\$aIn 's Gravenhage :$bBy Rutg. Christ. Alberts ... ;$aTe Amsterdam :$bBy Hermanus Uytwerf ... ;$aEn te Rotterdam :$bBy Jan Daniel Beman ...,$c1727-1738.
=300  \\$a6 volumes :$billustrations ;$c38 cm (fol.)
=336  \\$atext$btxt$2rdacontent
=337  \\$aunmediated$bn$2rdamedia
=338  \\$avolume$bnc$2rdacarrier
=340  \\$mfolio$0http://rdaregistry.info/termList/bookFormat/1001
=500  \\$aTranslation of "Cérémonies et coutumes religieuses de tous les peuples du monde," which was originally published in Amsterdam, 1723-1743.
=500  \\$aIll. with 266 fine engravings, which are the main value of the work. The text is an undistinguished compilation of extracts from many authors--Cf. Brunet, Grässe.
=500  \\$aEach vol. has own t.p., imprint and title varying slightly.
=500  \\$aErrata for v. 1-2 at end of v. 2.
=504  \\$aIncludes bibliographical references (Brunet I 1742-1743 (French ed.) ; Grässe II 104 (French ed.) ).
=500  \\$aSignatures: [pi]1 (=7*2?) *-6*² 7*²( -7*2) A-N⁴ [chi]1 O-2K⁴ 2L⁴(2L3 + [chi]1) 2M-2S⁴ 2T⁴(2T2 + [chi]1) 2V-3C⁴ (v. 1) -- A-2S⁴ 2T-2X² 2Y1 (v. 2) -- *⁴ A-R⁴ S⁴(S1 + [chi]1) T-2A⁴, ²A-2G⁴ (v. 3) -- [pi]1 A⁴(A3 + [chi]1) B-M⁴ [chi]1 N-3G⁴ 3H-3P² (v. 4) -- *⁴ A-2Z⁴ (v. 5) -- *⁴ A-2V⁴, ²A-2R⁴ 2S-3D².
=505  0\$aV. 1. Judaism; Roman Catholicism -- v. 2. Roman Catholicism; the Inquisition -- v. 3. Religions in North and South America; Eastern religions -- v. 4. Eastern religions; Persia; Africa -- v. 5. Christianity in Greece, Russia; Protestantism -- v. 6. Protestantism; Islam; Judaism, etc.
=700  1\$aMoubach, Abraham
=700  1\$aPicart, Bernard,$d1673-1733
=997  \\$a1007606402
=998  \\$aLDR:     cam#a22003615a#4500
=998  \\$b008:870826m17271738ne#a#####b####001#0#dut##

