=LDR  01011cam a2200253Ma 4500
=001  9976423909701701
=005  20190912095938.0
=008  030121s1762\\\\sp\\\\\\\\\\\\000\0\spa\d
=035  \\$a(OCoLC)83916172
=040  \\$aRPJCB$beng$cRBN$dOCLCO$dOCLCQ
=110  2\$aReal Compañía de Comercio de Barcelona a Indias
=245  10$aPapel que se leyo en la junta general de la Real Compañia de Comercio de Barcelona á Indias :$bcelebrada en la Pieza de la Casa Lonja del Mar de la misma capital el dia 3. y 4. de mayo de 1762.
=260  \\$a[Barcelona?] :$b[publisher not identified],$c[1762]
=300  \\$a20 pages ;$cfol
=336  \\$atext$btxt$2rdacontent
=337  \\$aunmediated$bn$2rdamedia
=338  \\$avolume$bnc$2rdacarrier
=340  \\$mfolio$0http://rdaregistry.info/termList/bookFormat/1001
=500  \\$aCaption title.
=653  \\$aImprint 1762
=752  \\$aSpain$dBarcelona.
=997  \\$a83916172
=998  \\$aLDR:     cam#a2200241Ma#4500
=998  \\$b008:030121s1762####sp############000#0#spa#d

