=LDR  02244aam a2200553 a 4500
=001  9932689670001701
=005  20170401013245.0
=008  850724m17811783it\b\\\\\b\\\\000\0\ita\\
=010  \\$a   02013493 
=035  \\$a(Aleph)006371321UMN01
=035  \\$aMB2103
=035  \\$a(OCoLC)12300014
=040  \\$aDLC$edcrmb$cWAU$dDLC$dNYP$dOCLCQ$dOCLCG$dAMAZN$dMnU
=043  \\$an------$as------
=050  00$aE61$b.C28
=082  04$a970.1
=099  \9$a1781 Car
=100  1\$aCarli, Gian Rinaldo,$d1720-1795.
=245  13$aLe lettere americane.
=250  \\$aNuova edizione corretta ed ampliata colla aggiunta della parte III ...
=260  \\$aCremona :$bper Lorenzo Manini regio stampatore,$cMDCCLXXXI-MDCCLXXXII [1781-1783]
=300  \\$a3 volumes :$b1 folded map ;$c18 cm (8vo)
=336  \\$atext$btxt$2rdacontent
=337  \\$aunmediated$bn$2rdamedia
=338  \\$avolume$bnc$2rdacarrier
=340  \\$m8vo$0http://rdaregistry.info/termList/bookFormat/1003
=500  \\$aPart 3 has title: Le lettere americane. Parte terza. In cui si esamina l'ipotesi di Mr. Bailly intorna l'Atlantide di Platone, e quella di Sig. conte di Buffon per rispetto al successivo raffreddamento del globo.
=500  \\$aGiunte e correzioni: last 3 pages of volume 2.
=500  \\$aTitle page vignettes.
=504  \\$aIncludes bibliographical references.
=530  \\$aAlso issued online.
=600  10$aPauw, Cornelius de,$d1739-1799.$tRecherches philosophiques sur les Américains.
=600  10$aBailly, Jean Sylvain,$d1736-1793.$tLettres sur l'Atlantide de Platon.
=650  \0$aIndians$xAntiquities$vEarly works to 1800.
=650  \0$aIndians$xOrigin$vEarly works to 1800.
=650  \4$aIndians of South America$xInca.
=650  \4$aIndians$xOrigin.
=650  \4$aAtlantis.
=650  \4$aIndians of South America$xSocial conditions.
=651  \0$aAmerica$xAntiquities$vEarly works to 1800.
=651  \4$aAmerica$xAntiquities.
=700  1\$aManini, Lorenzo,$dactive 18th century-19th century,$epublisher.
=926  \\$aMARS
=967  \\$ascs20170325
=968  \\$aRDA ENRICHED
=997  \\$a12300014
=998  \\$aLDR:02152aam#a2200529#a#4500
=998  \\$b008:850724m17811783it#b#####b####000#0#ita##
=999  \\$aZ39$bOCLC

