=LDR  02049cam a2200481Ii 4500
=001  9975626457601701
=005  20180724141938.0
=008  941215m17921798sw\\\\\\\b\\\\000\0\swe\d
=029  1\$aGBVCP$b140993991
=035  \\$aMB2635
=035  \\$a(OCoLC)31697384
=040  \\$aTYC$beng$erda$edcrmb$cTYC$dOCL$dOCLCQ$dOCLCG$dOCLCO$dOCLCQ$dOCLCF$dOCLCQ$dOCLCO$dTYC$dMNU
=043  \\$ae-sw---
=049  \\$aMNUA
=050  \4$aHC373$b.J64 1792
=099  \9$a1792 Jo
=100  1\$aJöranson, Christian Ludvig,$d1738-1820,$eauthor.
=245  10$aFörsök til et systeme i sveriges allmänna hushållning och penning-väsende /$caf Christian Ludvig Jöranson.
=264  \0$aStockholm :$bTrykt hos Anders Jac. Nordström,$c1792-1798.
=300  \\$a6 parts in 3 volumes (1455 pages) ;$c19 cm (8vo)
=336  \\$atext$btxt$2rdacontent
=337  \\$aunmediated$bn$2rdamedia
=338  \\$avolume$bnc$2rdacarrier
=340  \\$m8vo$0http://rdaregistry.info/termList/bookFormat/1003
=500  \\$aCollation: volume 1 (parts 1-3): 589, [1] pages, 4 folded tables; volume 2 (part 4): [593]-1064 pages, [2] folded tables.
=500  \\$aSignatures: volume 1: A-2N⁸ 2O⁸ (-2O8); volume 2: 2P-3U⁸ 3X⁴
=500  \\$aHead- and tail-pieces.
=500  \\$aErrata at end of volumes 1 and 3.
=504  \\$aIncludes bibliographical references.
=651  \0$aSweden$xEconomic conditions$vEarly works to 1800.
=651  \0$aSweden$xCommerce$vEarly works to 1800.
=650  \0$aFinance, Public$zSweden$vEarly works to 1800.
=650  \7$aCommerce$2fast$0(OCoLC)fst00869279
=650  \7$aEconomic history$2fast$0(OCoLC)fst00901974
=650  \7$aFinance, Public$2fast$0(OCoLC)fst00924477
=651  \7$aSweden$2fast$0(OCoLC)fst01204537
=655  \7$aEarly works.$2fast$0(OCoLC)fst01411636
=700  1\$aNordström, Anders Jacobsson,$d1742-1821,$eprinter.
=909  \\$acat$bMNU$c2018-01-03$dm-mccl
=913  \\$avb16
=997  \\$a31697384
=998  \\$aLDR:02000cam#a2200445Ii#4500
=998  \\$b008:941215m17921798sw#######b####000#0#swe#d

