=LDR  02340cam a2200601Ii 4500
=001  9975626475201701
=005  20180724141950.0
=008  820706s1791\\\\gw\abcf\\\\\\\000\0\ger\d
=024  8\$aVD18 11361425-005
=029  1\$aAU@$b000002410939
=029  1\$aAU@$b000023351105
=029  1\$aAU@$b000052698116
=029  1\$aDEBBG$bBV004273674
=029  1\$aDEBBG$bBV014042111
=029  1\$aDEBSZ$b018464416
=029  1\$aGBVCP$b136222137
=029  1\$aNZ1$b12890534
=029  1\$aNZ1$b1335017
=029  1\$aNLNZL$b9913350173502836
=035  \\$aMB5237
=035  \\$a(OCoLC)8576218
=040  \\$aSMI$beng$erda$edcrmb$cSMI$dOCLCQ$dOCLCG$dCUY$dOCLCG$dOCLCQ$dGBVCP$dOCLCQ$dOCLCO$dDEBBG$dOCLCA$dMNU
=041  1\$ager$heng
=043  \\$au-at-ne
=049  \\$aMNUA
=050  \4$aG160$b.N4 v.2
=050  \4$aDU160$b.P55 G1791
=084  \\$a14$2ssgn
=099  \9$a1791 Ph2
=100  1\$aPhillip, Arthur,$d1738-1814,$eauthor.
=245  10$aArthur Phillips Reise nach der Botany-Bay :$bnebst auszügen aus den Tagebüchern der neuesten Brittischen Entdecker in der Südsee /$caus dem Englischen übersetzt von M.C. Sprengel ; mit einer Charte und Kupfern ...
=246  3\$aReise nach der Botany-Bay
=264  \1$aHamburg :$bBei Benjamin Gottlob Hoffmann,$c1791.
=264  \0$aBerlin :$bgedruckt bey J.G. Langhoff
=300  \\$a[14], 264 pages, [2], VIII leaves of plates (1 folded) :$billustrations, map, portrait ;$c21 cm (8vo)
=336  \\$atext$btxt$2rdacontent
=337  \\$aunmediated$bn$2rdamedia
=338  \\$avolume$bnc$2rdacarrier
=340  \\$m8vo$0http://rdaregistry.info/termList/bookFormat/1003
=500  \\$aTitle vignette.
=500  \\$aFraktur.
=500  \\$aSignatures: [star]⁸ A-Q⁸ R⁴ (-R4)
=651  \0$aNew South Wales$xDiscovery and exploration$vEarly works to 1800.
=650  \0$aNatural history$zAustralia$zNew South Wales$vPre-Linnean works.
=651  \0$aNorfolk Island$vEarly works to 1800.
=700  1\$aSprengel, M. C.$q(Matthias Christian),$d1746-1803,$etranslator.
=700  1\$aHoffmann, B. G.$q(Benjamin Gottlob),$d1748-1818,$epublisher.
=700  1\$aLanghoff, J. G.,$eprinter
=909  \\$acat$bMNU$c2017-12-27$dm-mccl
=913  \\$avb16
=997  \\$a8576218
=998  \\$aLDR:02254cam#a2200565Ii#4500
=998  \\$b008:820706s1791####gw#abcf#######000#0#ger#d

