=LDR  02318nam a2200505Ii 4500
=001  9975626498701701
=005  20180724141935.0
=008  171220s1791\\\\fr\\\\\\\\\\\\000\0\fre\d
=035  \\$aMB2556
=035  \\$a(OCoLC)1016055754
=040  \\$aMNU$beng$erda$edcrmb$cMNU
=043  \\$ae-fr---$an-us---$aa-ii---
=049  \\$aMNUA
=050  \4$aHB151
=099  \\$a1791 Go
=100  1\$aGoudard, Pierre-Louis,$d1740-1799,$eauthor.
=245  10$aRapport présenté a l'Assemblée nationale, au nom du Comité d'agriculture et de commerce :$bsur la situation du commerce extérieur de la France pendant la révolution, en 1789 /$cpar M. Goudard, député de Lyon à l'Assemblée nationale.
=246  3\$aRapport sur la situation du commerce extérieur de la France pendant la révolution, en 1789
=264  \1$aA Paris :$bDe l'Imprimerie nationale,$c1791.
=300  \\$a[2], 17, [1] pages, 2 folded sheets ([4] pages) ;$c22 cm (8vo)
=336  \\$atext$btxt$2rdacontent
=337  \\$aunmediated$bn$2rdamedia
=338  \\$avolume$bnc$2rdacarrier
=340  \\$m8vo$0http://rdaregistry.info/termList/bookFormat/1003
=500  \\$a"Imprimé par ordre de l'Assemblée nationale."
=510  4\$aBibliothèque nationale (France). Catalogue de l'histoire de la Révolution française,$c15250c
=651  \0$aFrance$xCommerce$vEarly works to 1800.
=651  \0$aFrance$xCommerce$zUnited States$vEarly works to 1800.
=651  \0$aFrance$xCommerce$zIndia$vEarly works to 1800.
=651  \0$aFrance$xHistory$yRevolution, 1789-1799$xEconomic aspects.
=650  \7$aCommerce$2fast$0(OCoLC)fst00869279
=650  \7$aEconomics$2fast$0(OCoLC)fst00902116
=651  \7$aFrance$2fast$0(OCoLC)fst01204289
=651  \7$aIndia$2fast$0(OCoLC)fst01210276
=651  \7$aUnited States$2fast$0(OCoLC)fst01204155
=648  \7$a1789-1799$2fast
=655  \7$aPamphlets$zFrance$zParis$y1791.$2aat
=655  \7$aEarly works.$2fast$0(OCoLC)fst01411636
=655  \7$aHistory.$2fast$0(OCoLC)fst01411628
=710  1\$aFrance.$bAssemblée nationale constituante (1789-1791).$bComité d'agriculture et de commerce.
=909  \\$acat$bMNU$c2017-12-20$dm-mccl$eori
=913  \\$avb16
=997  \\$a1016055754
=998  \\$aLDR:02306nam#a2200469Ii#4500
=998  \\$b008:171220s1791####fr############000#0#fre#d

