=LDR  01885cam a2200481Ii 4500
=001  9975626571801701
=005  20180724141954.0
=008  901129s1795\\\\gw\bf\\\\\\\\\000\0\fre\\
=010  \\$a   01023292 
=029  1\$aAU@$b000027024547
=029  1\$aDEBBG$bBV004285617
=029  1\$aNLGGC$b234626674
=035  \\$aMB5990
=035  \\$a(OCoLC)22751721
=040  \\$aDLC$beng$erda$edcrmb$cEYP$dEYP$dB2Q$dOCLCQ$dOCLCG$dHBS$dOCLCF$dOCLCQ$dOCLCO$dMNU
=041  1\$afre$heng
=043  \\$an-us---
=049  \\$aMNUA
=050  04$aE164$b.C79
=099  \9$a1795 Coo
=100  1\$aCooper, Thomas,$d1759-1839,$eauthor.
=245  10$aRenseignemens sur l'Amérique /$cRassemblés par Thomas Cooper, ci-devant de Manchester ; traduits de l'anglois ; avec une carte.
=264  \1$aA Hambourg :$bChez Pierre Franc̦ois Fauche, Imprimeur-Libraire,$c1795.
=300  \\$axx, 218, 74 pages, [1] folded leaf of plates :$bmap ;$c22 cm (8vo)
=336  \\$atext$btxt$2rdacontent
=337  \\$aunmediated$bn$2rdamedia
=338  \\$avolume$bnc$2rdacarrier
=340  \\$m8vo$0http://rdaregistry.info/termList/bookFormat/1003
=500  \\$aSignatures: A-T⁸ V⁶ (-V6)
=500  \\$aEnglish original has title: Some information respecting America.
=651  \0$aUnited States$xEconomic conditions$vEarly works to 1800.
=650  \0$aPrices$zUnited States$vEarly works to 1800.
=650  \6$aPrix$zÉtats-Unis.
=651  \6$aÉtats-Unis$xConditions économiques$yJusqu'à 1865.
=651  \6$aÉtats-Unis$xDescriptions et voyages.
=650  \7$aEconomic history$2fast$0(OCoLC)fst00901974
=650  \7$aPrices$2fast$0(OCoLC)fst01076207
=651  \7$aUnited States$2fast$0(OCoLC)fst01204155
=909  \\$acat$bMNU$c2018-01-05$dm-mccl
=913  \\$avb16
=997  \\$a22751721
=998  \\$aLDR:01819cam#a2200445Ii#4500
=998  \\$b008:901129s1795####gw#bf#########000#0#fre##

