=LDR  02285cam a2200493Ii 4500
=001  9975626586801701
=005  20180724141943.0
=008  840209s1792\\\\enk\\\\\\b\\\\000\0\eng\d
=035  \\$aMB1247
=035  \\$a(OCoLC)505750447
=040  \\$aZCU$beng$erda$edcrmb$cZCU$dOCLCF$dOCLCO$dOCLCQ$dMNU
=043  \\$ae-uk---
=049  \\$aMNUA
=050  \4$aHB151
=099  \9$a1792 Fi
=100  1\$aFiott, John,$d-1797,$eauthor.
=245  12$aA second address to the proprietors of East-India stock, and to the public :$bcontaining remarks on the papers lately printed by the East-India Company, respecting their shipping concerns, in consequence of motions made and carried in the Courts of Proprietors, held March 31, 1791, and March 21, 1792, and ordered to be taken into consideration on Wednesday next, the 9th of May /$cby John Fiott, of London, Merchant.
=264  \1$aLondon :$bSold by W. Richardson, under the Royal Exchange, J. Johnson, and F. and C. Rivington, St. Paul's Church-Yard, and J. Debrett, Piccadilly,$cMDCCXCII [1792].
=300  \\$aiv, 152 [i.e., 142] pages, 1 unnumbered leaf ;$c20 cm (4to)
=336  \\$atext$btxt$2rdacontent
=337  \\$aunmediated$bn$2rdamedia
=338  \\$avolume$bnc$2rdacarrier
=340  \\$m4to$0http://rdaregistry.info/termList/bookFormat/1002
=500  \\$aErrata and addenda on leaf at end.
=500  \\$aPages 137-142 misnumbered 147-152.
=500  \\$aSignatures: [A]² B-T⁴
=504  \\$aIncludes bibliographical references.
=510  4\$aKress$cB2293
=510  4\$aEnglish Short Title Catalog,$cT2951
=610  20$aEast India Company
=650  \0$aShipping$zGreat Britain
=610  27$aEast India Company$2fast$0(OCoLC)fst00537796
=650  \7$aShipping.$2fast$0(OCoLC)fst01116352
=651  \7$aGreat Britain$2fast$0(OCoLC)fst01204623
=700  1\$aRichardson, William,$d1735 or 1736-1811,$ebookseller.
=700  1\$aJohnson, J.$q(John),$d1777-1848,$ebookseller.
=700  1\$aDebrett, John,$d-1822,$ebookseller.
=710  2\$aF. and C. Rivington (Firm),$ebookseller.
=752  \\$aGreat Britain$bEngland$dLondon
=909  \\$acat$bMNU$c2018-01-02$dm-mccl
=913  \\$avb16
=997  \\$a505750447
=998  \\$aLDR:02164cam#a2200457Ii#4500
=998  \\$b008:840209s1792####enk######b####000#0#eng#d

