=LDR  02202cam a2200481Ii 4500
=001  9975637092401701
=005  20180724142023.0
=008  750903s1791\\\\fr\\\\\\\\\\\\000\0\fre\\
=010  \\$a   11010123 
=019  \\$a35210167
=029  1\$aAU@$b000023223111
=035  \\$aMB4238
=035  \\$a(OCoLC)1595888
=040  \\$aDLC$beng$erda$edcrmb$cDZM$dDLC$dOCLCQ$dOHT$dB2Q$dOCLCQ$dOCLCG$dOCLCF$dOCLCQ$dOCLCO$dMNU
=041  1\$afre$heng
=043  \\$an-us---
=049  \\$aMNUA
=050  00$aE164$b.S661
=082  \4$a917.3$bS667v
=099  \9$a1791 Sm
=100  1\$aStuart, John Ferdinand Smyth,$d1745-1814,$eauthor.
=245  10$aVoyage dans les États-Unis de l'Amérique, fait en 1784 :$bcontenant une description de sa situation présente, de sa population, agriculture, commerce, coutumes et mosurs de ses habitans, des nations indiennes, et des principales villes et rividres, avec quelques anecdotes sur plusieurs membres du Congrés et officiers généraux de l'armée américaine /$cPar J.F.D. Smith ; traduit de l'Anglois par m. de B ...
=264  \1$aA Paris :$bChez Buisson,Imprimeur et Libraire, rue Haute-Feuille, No. 20,$c1791.
=300  \\$a2 volumes ;$c21 cm (8vo)
=336  \\$atext$btxt$2rdacontent
=337  \\$aunmediated$bn$2rdamedia
=338  \\$avolume$bnc$2rdacarrier
=340  \\$m8vo$0http://rdaregistry.info/termList/bookFormat/1003
=500  \\$aCollation: xii, 206, [4], 272 pages.
=500  \\$aSignatures: a⁶ A-M⁸ N⁸ (-N8) pi² A-R⁸
=500  \\$aHead-pieces.
=500  \\$aPublished, London, 1784, under title: A tour in the United States of America ...
=651  \0$aUnited States$xDescription and travel$vEarly works to 1800.
=651  \6$aÉtats-Unis$xDescriptions et voyages$xOuvrages avant 1800.
=650  \7$aTravel$2fast$0(OCoLC)fst01155558
=651  \7$aUnited States$2fast$0(OCoLC)fst01204155
=655  \7$aEarly works.$2fast$0(OCoLC)fst01411636
=700  1\$aBarentin de Montchal, Charles-Paul-Nicolas,$d1734-1824,$etranslator.
=909  \\$acat$bMNU$c2018-01-05$dm-mccl
=913  \\$avb16
=997  \\$a1595888
=998  \\$aLDR:02153cam#a2200445Ii#4500
=998  \\$b008:750903s1791####fr############000#0#fre##

