=LDR  02708cam a2200553Ii 4500
=001  9975641806301701
=005  20181108140607.0
=008  860205s1792\\\\enkabcf\\b\\\\001\0\eng\d
=029  1\$aAU@$b000009700450
=035  \\$aMB4579
=035  \\$a(OCoLC)44130523
=040  \\$aZCU$beng$erda$edcrmb$cZCU$dOCLCQ$dOCLCG$dKRTAS$dOCLCF$dOCLCQ$dOCLCO$dMNU
=043  \\$ae-pl---$ae-ur---$ae-sw---$ae-no---$ae-dk---
=049  \\$aMNUA
=050  \4$aD965
=099  \9$a1792 Co
=100  1\$aCoxe, William,$d1747-1828,$eauthor.
=245  10$aTravels into Poland, Russia, Sweden, and Denmark :$billustrated with charts and engravings /$cby William Coxe ... in five volumes.
=246  18$aCoxe's travels.
=250  \\$aThe fourth edition.
=264  \1$aLondon :$bPrinted for T. Cadell in the Strand,$cMDCCXCII [1792]
=300  \\$a5 volumes :$billustrations, portraits, plans, maps, genealogical tables ;$c22 cm (8vo)
=336  \\$atext$btxt$2rdacontent
=337  \\$aunmediated$bn$2rdamedia
=338  \\$avolume$bnc$2rdacarrier
=340  \\$m8vo$0http://rdaregistry.info/termList/bookFormat/1003
=500  \\$aVolume 1: xv, [1], 455 pages, [6] leaves of plates (4 folded); volume 2: vii, [1], 536 pages, [5] leaves of plates (1 folded); volume 3: vi, [2], 524 pages, [4] leaves of plates (2 folded); volume 4: vi, [2], 429 pages, [7] leaves of plates (4 folded); volume 5: x, [2], 360, [68] pages, [6] folded leaves of plates.
=500  \\$aIn volumes 2-5 date is expressed in Arabic numerals.
=500  \\$aErrata: volume 5: page [67] at the end.
=500  \\$aIncludes index in volume 5.
=504  \\$aIncludes bibliographical references: volume 5, pages 354-360.
=505  0\$avolume 1. Poland. Russia -- volume 2. Russia -- volume 3. Russia -- volume 4. Sweden -- volume 5. Sweden. Norway. Denmark.
=510  4\$aEnglish short title catalogue$cT134279
=651  \0$aPoland$xDescription and travel$vEarly works to 1800.
=651  \0$aSoviet Union$xDescription and travel$vEarly works to 1800.
=651  \0$aSweden$xDescription and travel$vEarly works to 1800.
=651  \0$aNorway$xDescription and travel$vEarly works to 1800.
=651  \0$aDenmark$xDescription and travel$vEarly works to 1800.
=650  \7$aTravel$2fast$0(OCoLC)fst01155558
=651  \7$aDenmark$2fast$0(OCoLC)fst01204558
=651  \7$aPoland$2fast$0(OCoLC)fst01206891
=651  \7$aSoviet Union$2fast$0(OCoLC)fst01210281
=651  \7$aSweden$2fast$0(OCoLC)fst01204537
=655  \7$aEarly works.$2fast$0(OCoLC)fst01411636
=909  \\$acat$bMNU$c2018-01-09$dm-mccl
=913  \\$avb16
=997  \\$a44130523
=998  \\$aLDR:02586cam#a2200517Ii#4500
=998  \\$b008:860205s1792####enkabcf##b####001#0#eng#d

