=LDR  01583nam a2200409Ii 4500
=001  9975644388101701
=005  20180724142040.0
=008  180112s1792\\\\it\\\\\f\\\\\\000\0\ita\d
=035  \\$aMB6531
=035  \\$a(OCoLC)1019443326
=040  \\$aMNU$beng$erda$edcrmb$cMNU
=041  1\$aita$hspa
=043  \\$as-pe---
=049  \\$aMNUA
=099  \9$a1792 Ru
=100  1\$aRuiz, Hipólito,$d1754-1816,$eauthor.
=245  10$aDella china e delle altre sue specie nuovamente scoperte e descritte /$cda D. Ippolito Ruiz primo botanico della spedizione al Perù ... ; Prima traduzione, dall'originale spagnuolo stampato in Madrid 1792.
=264  \1$aIn Roma :$bDalla stamperia Giunchiana, a spese di Venanzio Monaldini,$cMDCCXCII [1792].
=300  \\$aXXXII, 139, [1] pages ;$c18 cm (8vo)
=336  \\$atext$btxt$2rdacontent
=337  \\$aunmediated$bn$2rdamedia
=338  \\$avolume$bnc$2rdacarrier
=340  \\$m8vo$0http://rdaregistry.info/termList/bookFormat/1003
=500  \\$aTitle page printed in red and black.
=500  \\$aTitle vignette, initials.
=500  \\$a{Star]4 erroneously signed A4
=500  \\$aSignatures: [star]¹⁶ A-H⁸ I⁶
=650  \0$aCinchona$vEarly works to 1800.
=650  \0$aCinchona$zPeru$vEarly works to 1800.
=700  1\$aMonaldini, Venanzio,$ebookseller.
=700  1\$aGiunchi, Paolo,$d1730?-1798,$eprinter.
=752  \\$aItaly$dRome
=909  \\$acat$bMNU$c2018-01-12$dm-mccl$eori
=913  \\$avb16
=997  \\$a1019443326
=998  \\$aLDR:01479nam#a2200373Ii#4500
=998  \\$b008:180112s1792####it#####f######000#0#ita#d

