=LDR  01501cam a22004217a 4500
=001  9975644399401701
=005  20181108130600.0
=008  950322s1792\\\\enk\\\\\\\\\\\000\0\eng\\
=010  \\$a   95844814 
=019  \\$a11632130$a32314272
=029  1\$aAU@$b000007227734
=029  1\$aAU@$b000025288079
=035  \\$aMB5626
=035  \\$a(OCoLC)54356510
=040  \\$aDLC$beng$edcrb$cDLC$dWAU$dOCLCA$dOCLCF$dOCLCQ$dOCL$dOCLCA$dMNU
=043  \\$ae-uk---
=049  \\$aMNUA
=050  00$aAC901$b.M5 vol. 615, no. 3
=099  \9$a1792 Re
=245  02$aA review of the principal proceedings of the Parliament of 1784.
=260  \\$aLondon :$bPrinted for R. Edwards ...,$c1792.
=300  \\$a[4], vii, [1], 178 p. ;$c21 cm. (8vo)
=336  \\$atext$btxt$2rdacontent
=337  \\$aunmediated$bn$2rdamedia
=338  \\$avolume$bnc$2rdacarrier
=340  \\$m8vo$0http://rdaregistry.info/termList/bookFormat/1003
=500  \\$aErrata preceding text.
=610  10$aGreat Britain.$bParliament$vEarly works to 1800.
=651  \0$aGreat Britain$xPolitics and government.
=610  17$aGreat Britain.$bParliament$2fast$0(OCoLC)fst00530123
=650  \7$aPolitics and government$2fast$0(OCoLC)fst01919741
=651  \7$aGreat Britain$2fast$0(OCoLC)fst01204623
=655  \7$aEarly works.$2fast$0(OCoLC)fst01411636
=909  \\$acat$bMNU$c2018-01-10$dm-mccl
=913  \\$avb16
=997  \\$a54356510
=998  \\$aLDR:01376cam#a22003857a#4500
=998  \\$b008:950322s1792####enk###########000#0#eng##

