=LDR  03366cam a2200589Ii 4500
=001  9975644400901701
=005  20181108124911.0
=008  760114q17941795fr\abcf\\\\\\\001\0\fre\\
=010  \\$a   68047541 
=029  1\$aAU@$b000027886071
=029  1\$aNZ1$b8694521
=035  \\$aMB2430
=035  \\$a(OCoLC)1926972
=040  \\$aDLC$beng$erda$edcrmb$cTYC$dOCL$dOCLCQ$dOCLCG$dCUY$dLGG$dWAU$dOCLCF$dOCLCQ$dI8M$dMNU
=041  1\$afre$heng
=043  \\$an-cn-bc$ap------$ar------
=049  \\$aMNUA
=050  \0$aF851.5$b.M472
=099  \9$a1792 Me
=100  1\$aMeares, John,$d1756?-1809$eauthor.
=245  10$aVoyages de la Chine à la côte nord-ouest d'Amérique :$bfaits dans les années 1788 et 1789; précédés de la relation d'un autre voyage exécuté en 1786 sur le vaisseau le Nootka, parti du Bengale; d'un recueil d'observations sur la probabilité d'un passage nord-ouest; et d'un traité abrégé du commerce entre le côte nord-ouest et la Chine, etc. etc. /$cpar le Capitaine J. Meares, Commandant le Vaisseau la Felice ; traduits de l'anglois par J.B.L.J. Billecocq ; avec une collection de cartes géographiques, vues, marin[es] plans et portraits, gravés en taille-douce.
=264  \1$aA Paris :$bChez F. Buisson, Libraire, rue Hautefeuille, no. 20,$cAn 3e de la République [1794 or 1795]
=300  \\$a3 volumes  ;$c20 cm (8vo) +$eatlas ([4] pages, XXVIII leaves of plates (some folded) : illustrations, maps, portraits ; 26 cm)
=336  \\$atext$btxt$2rdacontent
=337  \\$aunmediated$bn$2rdamedia
=338  \\$avolume$bnc$2rdacarrier
=340  \\$m8vo$0http://rdaregistry.info/termList/bookFormat/1003
=500  \\$aTranslation of Voyages made in the years 1788 and 1789, from China to the N.W. coast of America.
=500  \\$aErrata: for volumes 1 and 3: end of volume 3; for volume 2: end of volume 2.
=500  \\$aIndex for entire work: volume 3, pages 292-371.
=651  \0$aNorthwest Coast of North America$vEarly works to 1800.
=651  \0$aVancouver Island (B.C.)$vEarly works to 1800.
=650  \0$aIndians of North America$zPacific Coast (North America)$vEarly works to 1800.
=650  \0$aIndians of North America$zNorthwest Coast of North America$vEarly works to 1800.
=651  \0$aPacific Ocean$vEarly works to 1800.
=651  \0$aNorthwest Passage$vEarly works to 1800.
=650  \7$aIndians of North America$2fast$0(OCoLC)fst00969633
=651  \7$aArctic Ocean$zNorthwest Passage.$2fast$0(OCoLC)fst01242546
=651  \7$aBritish Columbia$zVancouver Island$2fast$0(OCoLC)fst01209312
=651  \7$aNorth America$zNorthwest Coast of North America$2fast$0(OCoLC)fst01242545
=651  \7$aNorth America$zPacific Coast$2fast$0(OCoLC)fst01243518
=651  \7$aPacific Ocean.$2fast$0(OCoLC)fst01243528
=651  \4$aCosta Noroeste de América del Norte.
=651  \4$aIndios de América del Norte$zCosta del Pacífico.
=651  \4$aOcéano Pacífico.
=700  1\$aBillecocq, J. B. L. J.$q(Jean Baptiste Louis Joseph),$d1765-1829,$etranslator.
=740  2\$aCollection de cartes géographiques, vues, marines, plans et portraits, relatifs aux voyages du Capitaine J. Meares.
=909  \\$acat$bMNU$c2018-01-10$dm-mccl
=913  \\$avb16
=997  \\$a1926972
=998  \\$aLDR:03383cam#a2200553Ii#4500
=998  \\$b008:760114q17941795fr#abcf#######001#0#fre##

