=LDR  03452cam a2200709 i 4500
=001  9975644591501701
=005  20180724142043.0
=008  961206s1792\\\\enkabf\\\b\\\\000\0\eng\\
=016  7\$a101588324$2DNLM
=016  7\$a003128755$2Uk
=019  \\$a560910843
=029  0\$aNLM$b101588324
=029  1\$aAU@$b000005682426
=029  1\$aNZ1$b4668479
=035  \\$aMB1856
=035  \\$a(OCoLC)22516406
=040  \\$aNLM$beng$erda$edcrmb$cNLM$dPAU$dSINLB$dKRTAS$dAMAZN$dKIJ$dUKMGB$dGZM$dOCLCF$dUKNMM$dOCLCO$dOCLCQ$dOCLCO$dOCLCQ$dMNU
=041  1\$aeng$hfre
=043  \\$af-mg---$aa-cc---
=049  \\$aMNUA
=050  \4$aDT469.M31$bR6 1792
=060  00$aWZ 260$bR685v 1792
=080  \\$a094:910.4(691)"1768"
=080  \\$a910.4(691)"1768":094
=082  04$a991$218
=099  \9$a1792 Ro
=100  1\$aRochon, Alexis,$d1741-1817,$eauthor.
=240  10$aVoyages à Madagascar, à Maroc, et aux Indes Orientales.$lEnglish
=245  12$aA voyage to Madagascar, and the East Indies /$cby the Abbé Rochon ... ; translated from the French ; illustrated with an accurate map of the island of Madagascar [by M. Robert] ; to which is added a memoir on the Chinese trade [by M.I. Brunel].
=264  \1$aLondon :$bprinted for G.G.J. and J. Robinson, Paternoster-Row,$cMDCCXCII [1792]
=300  \\$a[4], xlix, [3], 475, [1] pages, [1] folding leaf of plates :$billustrations, map (engraving) ;$c21 cm (8vo)
=336  \\$atext$btxt$2rdacontent
=337  \\$aunmediated$bn$2rdamedia
=338  \\$avolume$bnc$2rdacarrier
=340  \\$m8vo$0http://rdaregistry.info/termList/bookFormat/1003
=500  \\$aTranslation of: Voyages à Madagascar, à Maroc, et aux Indes Orientales.
=500  \\$aSignatures: pi² a-d⁸ e⁴ B-2G⁸ H⁴ I².
=504  \\$aIncludes bibliographical references.
=510  4\$aESTC$cT127793
=505  0\$aIntroduction -- General description of Madagascar -- Description of the southern part of Madagascar -- Description of the north-east part of Madagascar -- Reflections on the northern part of Madagascar -- Description of several trees, plants, and shrubs, which grow in the northern part of Madagascar, and which the author brought with him to the Isle of France, in the year 1768 -- Description of a singular tree called the cocoa of the Maldives -- Description of Cochinchina -- Memoir on the Chinese trade / by M. Brunel.
=546  \\$aTranslation of: Voyages à Madagascar, à Maroc, et aux Indes Orientales.
=600  10$aRochon, Alexis,$d1741-1817$xTravel$zMadagascar.
=600  10$aRochon, Alexis,$d1741-1817$xTravel$zIndochina.
=651  \0$aMadagascar$xDescription and travel$vEarly works to 1800.
=651  \0$aIndochina$xDescription and travel$vEarly works to 1800.
=651  \0$aChina$xCommerce$vEarly works to 1800.
=650  12$aCommerce
=650  22$aPlants
=651  \2$aMadagascar
=651  \2$aChina
=600  17$aRochon, Alexis,$d1741-1817$2fast$0(OCoLC)fst01492029
=650  \7$aCommerce$2fast$0(OCoLC)fst00869279
=650  \7$aTravel$2fast$0(OCoLC)fst01155558
=651  \7$aChina$2fast$0(OCoLC)fst01206073
=651  \7$aIndochina$2fast$0(OCoLC)fst01243492
=651  \7$aMadagascar$2fast$0(OCoLC)fst01209332
=655  \7$aEarly works.$2fast$0(OCoLC)fst01411636
=909  \\$acat$bMNU$c2018-01-12$dm-mccl
=913  \\$avb18
=997  \\$a22516406
=998  \\$aLDR:03396cam#a2200673#i#4500
=998  \\$b008:961206s1792####enkabf###b####000#0#eng##

