=LDR  02321cam a2200493Ii 4500
=001  9975646792701701
=005  20180724142040.0
=008  770302s1794\\\\po\\\\\\\\\\\\000\0\por\d
=029  1\$aGBVCP$b150163975
=035  \\$aMB6506
=035  \\$a(OCoLC)2772857
=040  \\$aFUG$beng$erda$edcrmb$cFUG$dOCLCG$dSYB$dOCLCQ$dOCLCF$dOCLCQ$dOCLCO$dOCL$dOCLCO$dMNU
=043  \\$ae-po---$as-bl---
=049  \\$aMNUA
=050  14$aHF3695$b.C81794
=082  04$a330.9469$bC871e
=099  \9$a1794 Cu
=100  1\$aAzeredo Coutinho, José Joaquim da Cunha de,$d1742-1821,$eauthor.
=245  10$aEnsaio economico sobre o comercio de Portugal e suas colonias :$boferecido ao serenisimo princepe do Brazil noso senhor /$ce publicado de ordem da Academia real das siencias pelo seu socio Joze Joaquim da Cunha de Azeredo Coutinho.
=264  \1$aLisboa :$bNa oficina da mesma Academia,$c1794.
=300  \\$a[4] leaves, iii, [1], 153, [5] pages ;$c21 cm (4to)
=336  \\$atext$btxt$2rdacontent
=337  \\$aunmediated$bn$2rdamedia
=338  \\$avolume$bnc$2rdacarrier
=340  \\$m4to$0http://rdaregistry.info/termList/bookFormat/1002
=500  \\$a"Memoria sobre o preso do asucar. (Foi publicáda por órdem da Academia R. das Siências em 1791; agóra sáe nóvamênte corregîda, e acrecentáda)--pelo mesmo autôr": p. [133]-153.
=500  \\$a"Catalogo das obras ja' impresas, e mandadas compor pela Academia Real das Sciencias de Lisboa, com os preços . . .": pages [2]-[4] at end.
=500  \\$aSignatures: pi⁴ A-Q⁴ R⁶ (-R6) S-T⁴ chi²
=500  \\$aFinal page is blank.
=651  \0$aPortugal$xCommerce$vEarly works to 1800.
=651  \0$aPortugal$xColonies$vEarly works to 1800.
=651  \0$aBrazil$xCommerce$vEarly works to 1800.
=650  \0$aSugar trade$vEarly works to 1800.
=650  \7$aPortuguese colonies.$2fast$0(OCoLC)fst01930859
=650  \7$aCommerce$2fast$0(OCoLC)fst00869279
=650  \7$aSugar trade.$2fast$0(OCoLC)fst01137428
=651  \7$aBrazil$2fast$0(OCoLC)fst01206830
=651  \7$aPortugal$2fast$0(OCoLC)fst01208476
=710  2\$aAcademia das Ciências de Lisboa.
=909  \\$acat$bMNU$c2018-01-19$dm-mccl
=913  \\$avb16
=997  \\$a2772857
=998  \\$aLDR:02297cam#a2200457Ii#4500
=998  \\$b008:770302s1794####po############000#0#por#d

