=LDR  01810cam a2200433Ii 4500
=001  9975646803101701
=005  20180724142043.0
=008  810602s1792\\\\ne\ad\\\\\\\\\000\0\dut\d
=029  1\$aAU@$b000008561168
=035  \\$aMB1040
=035  \\$a(OCoLC)1039524512
=040  \\$aKKW$beng$cKKW$dOCLCQ$dOI@$dOCLCF$dOCLCQ$dOCLCO$dMNU
=043  \\$ae-ne---$aa-io---
=049  \\$aMNUA
=050  \4$aHF483.E5$bN38
=082  04$a992
=099  \9$a1792 St
=110  2\$aNederlandsche Oost-Indische Compagnie.
=245  10$aStaat der generale Nederlandsche Oost-Indische Compagnie :$bbehelzende rapporten ... als mede nader rapport van gemelde heeren gecommitteerden en bylaagen in dato 14 July 1791.
=246  18$aStaat der Oost-Indische Compagnie$5MnU
=260  \\$aAmsterdam :$bJohannes Allart,$c1792.
=300  \\$a2 volumes in 1 :$bfolded charts ;$c22 cm (8vo)
=336  \\$atext$btxt$2rdacontent
=337  \\$aunmediated$bn$2rdamedia
=338  \\$avolume$bnc$2rdacarrier
=340  \\$m8vo$0http://rdaregistry.info/termList/bookFormat/1003
=500  \\$aCollation: volume 1: XIV, 293, [1] pages, [6] folded leaves of plates; volume 2: XII, 231, [1] pages, [9] folded leaves of plates.
=610  20$aNederlandsche Oost-Indische Compagnie.
=651  \0$aNetherlands$xCommerce$zIndonesia$vEarly works to 1800.
=651  \0$aIndonesia$xCommerce$zNetherlands$vEarly works to 1800.
=610  27$aNederlandsche Oost-Indische Compagnie$2fast$0(OCoLC)fst00548217
=650  \7$aCommerce$2fast$0(OCoLC)fst00869279
=651  \7$aIndonesia$2fast$0(OCoLC)fst01209242
=651  \7$aNetherlands$2fast$0(OCoLC)fst01204034
=909  \\$acat$bMNU$c2018-01-17$dm-mccl
=913  \\$avb16
=997  \\$a1039524512
=998  \\$aLDR:01682cam#a2200397Ii#4500
=998  \\$b008:810602s1792####ne#ad#########000#0#dut#d

