=LDR  01717cam a2200409Ii 4500
=001  9975646803401701
=005  20180117155934.0
=008  160531s1792\\\\stk\\\\\\\\\\\000\0\eng\d
=035  \\$a(OCoLC)951661174
=035  \\$aMB5974
=040  \\$aStSaUL$beng$erda$edcrmb$cAUD$dOCLCO$dOCLCF$dOCLCQ$dMNU
=043  \\$ae-uk---$af------
=049  \\$aMNUA
=099  \9$a1792 So
=100  1\$aSomerville, Thomas,$d1741-1830,$eauthor.
=245  12$aA Discourse on our Obligation to Thanksgiving, for the prospect of the abolition of the African Slave-Trade. :$bWith a prayer. Delivered in the Church of Jedburgh on April 15 /$cBy Thomas Somerville, D.D.
=264  \1$aKelso :$bPrinted, at the Union Press, by J. Palmer,$cAnno 1792.
=300  \\$a[3] leaves, 49, [1] pages ;$c21 cm (8vo)
=336  \\$atext$btxt$2rdacontent
=337  \\$aunmediated$bn$2rdamedia
=338  \\$avolume$bnc$2rdacarrier
=340  \\$m8vo$0http://rdaregistry.info/termList/bookFormat/1003
=500  \\$aSignatures: [A]⁴ (-A4) B-G⁴ chi² (-chi2)
=500  \\$aErrata follows text on page 49.
=500  \\$aHalf-title.
=500  \\$aDedicated to Alexander Alison, Esq.
=510  4\$aEnglish short title catalogue,$cT16232
=650  \0$aSlave trade$zGreat Britain$vEarly works to 1800.
=650  \0$aSlave trade$zAfrica$vEarly works to 1800.
=650  \7$aSlave trade.$2fast$0(OCoLC)fst01120405
=651  \7$aAfrica.$2fast$0(OCoLC)fst01239509
=651  \7$aGreat Britain$2fast$0(OCoLC)fst01204623
=700  1\$aPalmer, J.$q(James),$dactive 1792,$ebookseller.
=752  \\$aGreat Britain$bScotland$dKelso.
=997  \\$a951661174
=998  \\$aLDR:02141cam#a2200421Ii#4500
=998  \\$b008:160531s1792####stk###########000#0#eng#d

