=LDR  02458cam a2200493Ii 4500
=001  9975648904901701
=005  20180724142059.0
=008  841129s1793\\\\enkacf\\\\\\\\000\0\eng\d
=035  \\$aMB4418
=035  \\$a(OCoLC)976026854
=040  \\$aAUD$beng$erda$edcrmb$cAUD$dOCLCO$dMNU
=049  \\$aMNUA
=050  \4$aG440
=099  \9$a1793 Ha
=100  1\$aHamilton, George$c(Surgeon),$eauthor.
=245  12$aA voyage round the world, in His Majesty's frigate Pandora :$bperformed under the direction of Captain Edwards in the years 1790, 1791, and 1792 : with the discoveries made in the South-Sea; and the many distresses experienced by the crew from shipwreck and famine, in a voyage of eleven hundred miles in open boats, between Endeavour Straits and the Island of Timor /$cby Mr. George Hamilton, late surgeon of the Pandora.
=264  \1$aBerwick :$bPrinted by and for W. Phorson; B. Law and Son, Ave-Maria-Lane, London,$cM DCC XCIII [1793]
=300  \\$a164 pages, [1] leaf of plates :$b1 portrait ;$c21 cm (4to)
=336  \\$atext$btxt$2rdacontent
=337  \\$aunmediated$bn$2rdamedia
=338  \\$avolume$bnc$2rdacarrier
=340  \\$m4to$0http://rdaregistry.info/termList/bookFormat/1002
=500  \\$aSignatures: A-U⁴ X².
=500  \\$aEngraved frontispiece portrait of Hamilton signed: Orme sculp.
=510  4\$aEnglish short title catalogue$cT136524
=510  4\$aFerguson, J.A. Bibliography of Australia$c151
=510  4\$aSabin, J. Dictionary of books relating to America from its discovery to the present time$c30011
=561  \\$aFrom the Copyright Deposit Collection of the University of St Andrews.$5StSaUL
=563  \\$aBound in contemporary calf on boards, with a modern spine lettered in gold; board edges tooled in blind.$5StSaUL
=600  10$aEdwards, Edward,$d1742-1815$xTravels.
=610  20$aPandora (Frigate)
=610  20$aBounty (Ship)
=650  \0$aVoyages around the world$vEarly works to 1800.
=651  \0$aOceania$xDescription and travel$vEarly works to 1800.
=700  1\$aPhorson, William,$epublisher.
=700  1\$aOrme, Daniel,$d1766-1837,$eengraver.
=710  2\$aB. Law and Son,$epublisher.
=752  \\$aGreat Britain$bEngland$dBerwick-upon-Tweed.
=752  \\$aGreat Britain$bEngland$dLondon.
=909  \\$acat$bMNU$c2018-01-18$dm-mccl
=913  \\$avb16
=997  \\$a976026854
=998  \\$aLDR:02334cam#a2200457Ii#4500
=998  \\$b008:841129s1793####enkacf########000#0#eng#d

