=LDR  02872cam a2200613Ia 4500
=001  9975648905601701
=005  20180724142100.0
=008  840130s1793\\\\sp\bdf\\\\\\\\000\0cspa\\
=010  \\$a   06009125 
=035  \\$aMBTR201653
=035  \\$a(OCoLC)10352558
=040  \\$aDLC$beng$cFKS$dFKS$dOCL$dOCLCQ$dOCLCG$dMBB$dOCLCA$dOCLCQ$dOCLCO$dOCLCF$dOCLCA$dNTE$dMNU
=043  \\$as-cl---$as-ag---$ae-sp---
=049  \\$aMNUA
=050  04$aF3191$b.V29 1788
=099  \9$a1793 Ap
=100  1\$aVargas Ponce, José,$d1760-1821.
=245  10$aApéndice a la Relacion del viage al Magallanes de la fragata de guerra Santa Maria de la Cabeza,$bque contiene el de los paquebots Santa Casilda y Santa Eulalia para completar el reconocimiento del estrecho en los años de 1788 y 1789. Trabajado de orden superior.
=260  \\$aMadrid :$bEn la Imprenta de la viuda de D. Joaquin Ibarra,$c1793.
=300  \\$a2 preliminary leaves, 128 pages, [2] folded leaves of plates :$bfolded chart, folded map ;$c25 cm (4to in 8s)
=336  \\$atext$btxt$2rdacontent
=337  \\$aunmediated$bn$2rdamedia
=338  \\$avolume$bnc$2rdacarrier
=340  \\$m4to$0http://rdaregistry.info/termList/bookFormat/1002
=500  \\$a"Obra ... de don José de Vargas Ponce."--Medina. Bibl. hisp.-chilena.
=500  \\$aThe expedition was under the command Capt. Antonio de Córdoba.
=500  \\$aThe text, here published, compiled from the journals of Dionisio Alcalá Galiano and Alejandro Belmonte, lieutenants of Córdoba.
=500  \\$aTitle vignette (printer's device).
=500  \\$aSignatures: pi² A-H⁸.
=500  \\$aWith side-glosses.
=651  \0$aMagellan, Strait of (Chile and Argentina)
=650  \0$aVoyages and travels
=600  10$aMagalhães, Fernão de,$d-1521.
=610  20$aSanta María de la Cabeza (Frigate)
=610  20$aSanta Casilda (Packet)
=610  20$aSanta Eulalia (Packet)
=651  \0$aSpain$xDiscovery and exploration.
=600  17$aMagalhães, Fernão de,$d-1521.$2fast$0(OCoLC)fst01832186
=610  27$aSanta Casilda (Packet)$2fast$0(OCoLC)fst00776902
=610  27$aSanta Eulalia (Packet)$2fast$0(OCoLC)fst00776903
=610  27$aSanta María de la Cabeza (Frigate)$2fast$0(OCoLC)fst00776901
=650  \7$aDiscoveries in geography$2fast$0(OCoLC)fst00894950
=650  \7$aVoyages and travels$2fast$0(OCoLC)fst01169308
=651  \7$aAtlantic Ocean$zStrait of Magellan$2fast$0(OCoLC)fst01713606
=651  \7$aSpain$2fast$0(OCoLC)fst01204303
=700  1\$aCórdoba, Antonio de,$dapproximately 1740-1811.
=700  1\$aAlcalá-Galiano, Dionisio,$d1760-1805.
=700  1\$aBelmonte, Alejandro.
=752  \\$aSpain$dMadrid.
=909  \\$acat$bMNU$c2018-01-17$dm-mccl
=913  \\$avb16
=997  \\$a10352558
=998  \\$aLDR:02845cam#a2200577Ia#4500
=998  \\$b008:840130s1793####sp#bdf########000#0cspa##

