=LDR  03516cam a2200637Ii 4500
=001  9975648980601701
=005  20180724142102.0
=008  730612s1794\\\\fr\bf\\\\\\\\\000\0\fre\\
=010  \\$a   02015085 
=029  1\$aAU@$b000024148775
=035  \\$aMB4417
=035  \\$a(OCoLC)639889
=040  \\$aDLC$beng$erda$edcrmb$cWSU$dDLC$dOCLCQ$dUMS$dLVB$dKRTAS$dOCLCF$dOCLCQ$dOCLCO$dEUW$dOCLCO$dOCLCQ$dLGG$dOCLCA$dMNU
=041  1\$afre$heng
=043  \\$an-cn---
=049  \\$aMNUA
=050  00$aE77$b.L85
=082  04$a923.9
=099  \9$a1794 Lo
=100  1\$aLong, J.$q(John),$cIndian trader,$eauthor.
=240  10$aVoyages and travels of an Indian interpreter and trader, describing the manners and customs of the North American Indians.$lFrench
=245  10$aVoyages chez différentes nations sauvages de l'Amérique Septentrionale;$brenfermant des détails curieux sur les mœurs, usages, cérémonies religieuses, le systême militaire, &c. des Cahnuagas, des Indiens des Cinq & Six Nations, Mohawks, Connecedagas, Iroquois, &c. des Indiens Chippeways, & autres sauvages de divers tribus; sur leurs langues, les pays qu'ils habitent, ainsi que sur le commerce des pelleteries & fourrures qui se fait chez ces peuples; avec un état exact des postes situés sur le fleuve S. Laurent, le lac Ontario, &c., &c. /$cpar J. Long, trafiquant & interprète des langues indiennes ; traduits de l'anglois, avec des notes & additions intéressantes par J.B.L.J. Billecocq, citoyen français.
=264  \1$aA Paris :$bChez Prault l'aîné, imprimeur, Fuchs, Libraire,$cII. année de l'ére républicaine [1794]
=300  \\$a[5], ii-xxxvi, 320 pages, [1] folded leaf of plates :$bfolded map ;$c22 cm (8vo)
=336  \\$atext$btxt$2rdacontent
=337  \\$aunmediated$bn$2rdamedia
=338  \\$avolume$bnc$2rdacarrier
=340  \\$m8vo$0http://rdaregistry.info/termList/bookFormat/1003
=500  \\$aErrata--p. xxxvi.
=500  \\$aSignatures: pi² a-b⁸ c² A-V⁸
=500  \\$aTranslation of: Voyages and travels of an Indian interpreter and trader ...
=500  \\$aHalf-title.
=500  \\$a"Préface du traducteur": pages [i]-xx.
=500  \\$a"Préface du l'auteur": pages xxi-xxv.
=500  \\$aIncludes Table of contents.
=500  \\$aMap title: Carte des pays situes à l'ouest du Canada 1791. [Gravé par P.F. Tardieu].
=510  4\$aLawrence Lande Collection of Canadiana in the Redpath Library of McGill University,$c544.
=510  4\$aSabin, J. Dictionary of books relating to America from its discovery to the present time,$c41879.
=651  \0$aCanada$xDescription and travel$vEarly works to 1800.
=650  \0$aIndians of North America$vEarly works to 1800.
=650  \0$aFur trade$zCanada$vEarly works to 1800.
=650  \2$aIndians, North American$0(DNLM)D007198
=650  \6$aIndiens d'Amérique$zAmérique du Nord.
=650  \6$aFourrures$xCommerce$zCanada.
=650  \7$aFur trade.$2fast$0(OCoLC)fst00936407
=650  \7$aIndians of North America$2fast$0(OCoLC)fst00969633
=650  \7$aTravel$2fast$0(OCoLC)fst01155558
=651  \7$aCanada$2fast$0(OCoLC)fst01204310
=655  \7$aEarly works.$2fast$0(OCoLC)fst01411636
=700  1\$aBillecocq, J. B. L. J.$q(Jean Baptiste Louis Joseph),$d1765-1829,$etranslator.
=752  \\$aFrance$dParis.
=909  \\$acat$bMNU$c2018-01-19$dm-mccl
=913  \\$avb16
=997  \\$a639889
=998  \\$aLDR:03544cam#a2200601Ii#4500
=998  \\$b008:730612s1794####fr#bf#########000#0#fre##

