=LDR  02223cam a2200529Ii 4500
=001  9975649103501701
=005  20180724142116.0
=008  990120s1794\\\\enk\\\\\\\\\\o000\0\eng\d
=016  7\$a001089540$2Uk
=035  \\$aMB4781
=035  \\$a(OCoLC)315389281
=040  \\$aNLE$beng$erda$edcrmb$cNLE$dVAMVE$dUKMGB$dOCLCA$dOCLCF$dOCLCQ$dOCL$dOCLCA$dMNU
=043  \\$ae-uk---
=049  \\$aMNUA
=050  \4$aKD376.H37$bH3779 1794a
=099  \9$a1794 Gr
=110  1\$aGreat Britain.$bParliament.$bHouse of Commons.
=240  10$aProceedings. 1794-06-20
=245  14$aThe debate in the House of Commons, on Friday, June 20, 1794, on the motion of thanks to the managers on the trial of Warren Hastings, Esq.
=264  \1$aLondon :$bPrinted for J. Debrett, opposite Burlington House, Piccadilly,$c1794.
=300  \\$a[4], 48 pages ;$c22 cm (8vo)
=336  \\$atext$btxt$2rdacontent
=337  \\$aunmediated$bn$2rdamedia
=338  \\$avolume$bnc$2rdacarrier
=340  \\$m8vo$0http://rdaregistry.info/termList/bookFormat/1003
=500  \\$aSignatures: [A]² B-G⁴
=510  4\$aEnglish short title catalogue$cT004805
=600  10$aHastings, Warren,$d1732-1818$xImpeachment.
=600  10$aHastings, Warren,$d1732-1818$vTrials, litigation, etc.
=610  10$aBengal (India).$bGovernor-General (1774-1785 : Hastings)
=610  20$aEast India Company
=651  \0$aIndia$xHistory$yBritish occupation, 1765-1947
=600  17$aHastings, Warren,$d1732-1818$2fast$0(OCoLC)fst00153371
=610  17$aBengal (India).$bGovernor-General (1774-1785 : Hastings)$2fast$0(OCoLC)fst00687709
=610  27$aEast India Company$2fast$0(OCoLC)fst00537796
=611  27$aBritish Occupation of India (1765-1947)$2fast$0(OCoLC)fst01352145
=650  \7$aImpeachments$2fast$0(OCoLC)fst00968081
=651  \7$aIndia$2fast$0(OCoLC)fst01210276
=648  \7$a1765-1947$2fast
=655  \7$aHistory.$2fast$0(OCoLC)fst01411628
=655  \7$aTrials, litigation, etc.$2fast$0(OCoLC)fst01423712
=700  1\$aDebrett, John,$d-1822,$epublisher.
=909  \\$acat$bMNU$c2018-01-19$dm-mccl
=913  \\$avb16
=997  \\$a315389281
=998  \\$aLDR:02104cam#a2200493Ii#4500
=998  \\$b008:990120s1794####enk##########o000#0#eng#d

