=LDR  02209nam a2200457Ii 4500
=001  9975649105201701
=005  20180724142058.0
=008  180118s1793\\\\enkbf\\\\b\\\\001\0deng\d
=035  \\$aB198
=035  \\$a(OCoLC)1019880937
=040  \\$aMNU$beng$erda$edcrmb$cMNU
=043  \\$ar------$an------$as------
=049  \\$aMNUA
=099  \9$a1793 Go
=100  1\$aGoldson, William,$eauthor.
=245  10$aObservations on the passage between the Atlantic and Pacific oceans, in two memoirs on the Straits of Anian, and the discoveries of De Fonte. :$bElucidated by a new and original map. To which is prefixed an historical abridgement of discoveries in the north of America. /$cby William Goldson.
=246  3\$aMemoir on the Straits of Anian
=246  3\$aMemoir on the discoveries of De Fonte
=264  \1$aPortsmouth :$bPrinted by W. Mowbray, and sold by Mr. Jordan, Fleet-Street,$cMDCCXCIII [1793]
=300  \\$axii, 162 pages, [1] leaf of folded plates :$bmap ;$c27 cm (4to)
=336  \\$atext$btxt$2rdacontent
=337  \\$aunmediated$bn$2rdamedia
=338  \\$avolume$bnc$2rdacarrier
=340  \\$m4to$0http://rdaregistry.info/termList/bookFormat/1002
=500  \\$aIntroduction signed: William Goldson, Portsea Town, Sept. 22, 1793.
=500  \\$aHalf-title-pages for "A memoir on the Straits of Anian" and "A memoir on the discoveries of De Fonte", included in pagination.
=500  \\$aSignatures: pi² A-X⁴ Y² (-Y2)
=504  \\$aIncludes bibliographical references and index.
=651  \0$aNorthwest Passage$vEarly works to 1800.
=651  \0$aAmerica$xDiscovery and exploration$vEarly works to 1800.
=650  \7$aDiscoveries in geography$2fast$0(OCoLC)fst00894950
=651  \7$aAmerica$2fast$0(OCoLC)fst01239786
=651  \7$aArctic Ocean$zNorthwest Passage.$2fast$0(OCoLC)fst01242546
=600  10$aFuentes, Bartolomé de,$dactive 17th century.
=700  1\$aMowbray, W.$q(Walter),$dactive 1778-1795,$eprinter.
=700  1\$aJordan, J. S.$q(Jeremiah Samuel),$ebookseller.
=909  \\$acat$bMNU$c2018-01-18$dm-mccl$eori
=913  \\$avb16
=997  \\$a1019880937
=998  \\$aLDR:02091nam#a2200421Ii#4500
=998  \\$b008:180118s1793####enkbf####b####001#0deng#d

