=LDR  01688nam a2200421Ii 4500
=001  9975654004701701
=005  20180724142056.0
=008  180124s1794\\\\ne\\\\\\a\\\\\000\0\dut\d
=035  \\$aMB1800
=035  \\$a(OCoLC)1020307778
=040  \\$aMNU$beng$erda$edcrmb$cMNU
=043  \\$ae-ne---
=049  \\$aMNUA
=050  14$aDS642$b.S35 1794
=099  \9$a1794 Sc
=110  1\$aZeeland (Netherlands : Province).$bStaten.
=245  10$aMissive van de H.H. Gecommitteerden wegens Zeeland, tot de zaaken der O.I. Compagnie, van den 6 maart 1794.
=264  \1$a[Middelburg, [Netherlands]] :$b[publilsher not identified],$c[1794]
=300  \\$a16 pages ;$c22 cm (8vo)
=336  \\$atext$btxt$2rdacontent
=337  \\$aunmediated$bn$2rdamedia
=338  \\$avolume$bnc$2rdacarrier
=340  \\$m8vo$0http://rdaregistry.info/termList/bookFormat/1003
=500  \\$aSigned: J.H. Schorer, J. van den Houte, Middelburg, den 6 maart, 1794.
=500  \\$aSignatures: [star]⁸
=510  4\$aGoldsmiths'-Kress library of economic literature,$cno. 16041.17.
=610  20$aNederlandsche Oost-Indische Compagnie.
=610  27$aNederlandsche Oost-Indische Compagnie$2fast$0(OCoLC)fst00548217
=651  \0$aZeeland (Netherlands : Province)$xCommerce$vEarly works to 1800.
=650  \7$aCommerce$2fast$0(OCoLC)fst00869279
=651  \7$aNetherlands$zZeeland (Province)$2fast$0(OCoLC)fst01330377
=700  1\$aSchorer, Jacob Hendrik,$d1760-1822,$eauthor.
=700  1\$aHoute, J. van den,$eauthor.
=909  \\$acat$bMNU$c2018-01-24$dm-mccl$eori
=913  \\$avb16
=997  \\$a1020307778
=998  \\$aLDR:01563nam#a2200385Ii#4500
=998  \\$b008:180124s1794####ne######a#####000#0#dut#d

