=LDR  02714cam a2200577Ii 4500
=001  9975654005301701
=005  20180724142056.0
=008  771021q17941795fr\acf\\\b\\\\000\0\fre\\
=010  \\$a   18019670 
=035  \\$aMB2898
=035  \\$a(OCoLC)3357770
=040  \\$aDLC$beng$erda$edcrmb$cDLM$dDLC$dOCLCG$dKRTAS$dAMAZN$dOCLCF$dOCLCQ$dOCLCO$dOCLCA$dMNU
=043  \\$af-sa---$afs-----
=049  \\$aMNUA
=050  00$aDT826$b.L6 1795
=082  \4$a916.8
=099  \9$a1794 Lev
=100  1\$aLe Vaillant, François,$d1753-1824,$eauthor.
=245  10$aSecond voyage dans l'intérieur de l'Afrique,$bpar le cap de Bonne-espérance, dans les années 1783, 84 et 85;$cpar F. Levaillant ...
=246  17$aVoyage en Afrique.
=264  \1$aA Paris :$bChez H.J. Jansen et compe, Imprimeurs-Libraires, Place du Museum,$cl'an 3 de la République [1794-1795].
=300  \\$a3 volumes, XVIII (i.e. XXII) leaves of plates (some folded) :$billustrations, portraits ;$c22 cm (8vo)
=336  \\$atext$btxt$2rdacontent
=337  \\$aunmediated$bn$2rdamedia
=338  \\$avolume$bnc$2rdacarrier
=340  \\$m8vo$0http://rdaregistry.info/termList/bookFormat/1003
=500  \\$aEdited by Casimir Varon and completed by Pierre Jean-Baptiste Legrand d'Aussy.
=500  \\$aPlates signed: Hulk Sculp.; Amelie Fe. Coiny Sculp.; Boutelou Sculp.; Bovinet Sculpsit; Mariage Sculp.
=500  \\$aSignatures: volume 1: a-b⁸, c⁴, d², A-T⁸; volume 2: A-2C⁸, 2D⁴, 2E²; volume 3: pi² A-2K⁸
=504  \\$aIncludes bibliographical references.
=510  4\$aBibliothèque nationale de France. BnF catalogue général$cFRBNF30808084
=651  \0$aSouth Africa$xDescription and travel$vEarly works to 1800.
=651  \0$aAfrica, Southern$xDescription and travel$vEarly works to 1800.
=651  \0$aCape of Good Hope (South Africa)$xDescription and travel$vEarly works to 1800.
=650  \7$aTravel$2fast$0(OCoLC)fst01155558
=651  \7$aSouthern Africa$2fast$0(OCoLC)fst01239519
=651  \7$aSouth Africa$2fast$0(OCoLC)fst01204616
=700  1\$aVaron, Casimir,$d1761-1796$eeditor.
=700  1\$aLegrand,$ccit.,$d1737-1800,$eeditor.
=700  1\$aJansen, Hendrik,$d1741-1812$ebookseller.
=700  1\$aHulk, Abraham Jacobsz.,$d1751-$eengraver.
=700  1\$aCoiny, Marie Amélie,$eartist,$eengraver.
=700  1\$aBouteloup, Louis Alexandre,$d1761- ,$eengraver.
=700  1\$aBovinet, Edme,$d1767-1832,$eengraver.
=700  1\$aMariage, Louis François$eengraver.
=752  \\$aFrance$dParís.
=909  \\$acat$bMNU$c2018-01-24$dm-mccl
=913  \\$avb16
=997  \\$a3357770
=998  \\$aLDR:02692cam#a2200541Ii#4500
=998  \\$b008:771021q17941795fr#acf###b####000#0#fre##

