=LDR  03130cam a2200673Ii 4500
=001  9975661403101701
=005  20180724142119.0
=008  790516q17931794fr\abcf\\b\\\\001\0\fre\\
=010  \\$a   05013913 
=016  7\$a007258679$2Uk
=029  1\$aAU@$b000024401563
=029  1\$aZWZ$b042609321
=035  \\$aMB4375
=035  \\$a(OCoLC)4969429
=040  \\$aDLC$beng$erda$edcrmb$cVXG$dDLC$dUKMGB$dOCLCF$dOCLCO$dOCLCQ$dOCLCO$dOCLCA$dMNU
=041  1\$afre$hger
=043  \\$ae-ur---$aa------
=049  \\$aMNUA
=050  00$aDK23$b.P17
=099  \9$a1794 Pa
=099  \9$a1794 fPa
=100  1\$aPallas, Peter Simon,$d1741-1811$eauthor.
=245  10$aVoyages du professeur Pallas, dans plusieurs provinces de l'empire de Russie et dans l'Asie septentrionale /$ctraduits de l'allemand par le C. Gauthier de la Peyronie.
=250  \\$aNouvelle édition,$brevue et enrichie de notes par les CC. Lamarck ... [et] Langlès ...
=264  \1$aA Paris :$bChez Maradan, Libraire, rue du Cimetière André-des-Arcs, no. 9,$cl'an II de la République [1793 or 1794]
=264  \0$a[Paris] : De l'Imprimerie de Demonville, rue Christine, No. 12
=300  \\$a8 volumes ;$c19 cm (8vo) +$e1 atlas (108 leaves of plates (31 folded) : Illustrations, maps, portraits ; 35 cm)
=336  \\$atext$btxt$2rdacontent
=337  \\$aunmediated$bn$2rdamedia
=338  \\$avolume$bnc$2rdacarrier
=340  \\$m8vo$0http://rdaregistry.info/termList/bookFormat/1003
=500  \\$aVolumes 6-7 and 9 (atlas) edited also by J.B.L.J. Billecocq.
=500  \\$aMaps signed P.F. Tardieu; other plates signed N. Thomas.
=500  \\$aAtlas also designated tome neuvième (Planches)
=500  \\$aPrinter from colophon, volume 8.
=500  \\$aHalf-titles.
=504  \\$aIncludes bibliographical references.
=500  \\$aIndex to entire work: end of volume 8.
=651  \0$aRussia$xDescription and travel$vEarly works to 1800.
=650  \0$aNatural history$zRussia$vPre-Linnean works.
=651  \0$aAsiatic Russia$xDescription and travel$vEarly works to 1800.
=650  \0$aNatural history$zAsiatic Russia$vPre-Linnean works.
=650  \7$aNatural history.$2fast$0(OCoLC)fst01034268
=650  \7$aTravel$2fast$0(OCoLC)fst01155558
=651  \7$aAsia$zAsiatic Russia$2fast$0(OCoLC)fst01266496
=651  \7$aRussia$2fast$0(OCoLC)fst01207312
=700  1\$aGauthier de la Peyronie,$d1740?-1804,$etranslator.
=700  1\$aLamarck, Jean Baptiste Pierre Antoine de Monet de,$d1744-1829,$eeditor.
=700  1\$aLanglès, L.$q(Louis),$d1763-1824,$eeditor.
=700  1\$aBillecocq, J. B. L. J.$q(Jean Baptiste Louis Joseph),$d1765-1829,$eeditor.
=700  1\$aTardieu, P. F.$q(Pierre François),$d1757-1822,$eengraver.
=700  1\$aThomas, N.,$dapproximately 1750-approximately 1812,$eengraver.
=700  1\$aMaradan, Claude-François,$d1762-1823$ebookseller.
=700  1\$aDemonville, Antoine Guénard,$d-1799,$eprinter.
=909  \\$acat$bMNU$c2018-02-01$dm-mccl
=913  \\$avb16
=997  \\$a4969429
=998  \\$aLDR:03063cam#a2200637Ii#4500
=998  \\$b008:790516q17931794fr#abcf##b####001#0#fre##

