=LDR  02769cam a2200577Ii 4500
=001  9975671207301701
=005  20180724142141.0
=008  861216q17931794fr\abd\\\b\\\\001\0\fre\\
=010  \\$a   28009092 
=029  1\$aCHVBK$b173875130
=029  1\$aCHBIS$b006408503
=035  \\$aMB2066
=035  \\$a(OCoLC)14980078
=040  \\$aDLC$beng$erda$edcrmb$cCUY$dCUY$dOCL$dOCLCG$dCUS$dOCLCF$dOCLCQ$dOCLCO$dMNU
=041  1\$afre$heng
=043  \\$aa-io---
=049  \\$aMNUA
=050  04$aDS646.1$b.M37 1793
=099  \9$a1794 Ma
=100  1\$aMarsden, William,$d1754-1836,$eauthor.
=240  10$aHistory of Sumatra.$lFrench
=245  10$aVoyage a l'isle de Sumatra, ou l'on décrit le gouvernement, le commerce, les arts, les loix, les coutumes et moeurs des habitans :$bles productions naturelles, et l'état politique du pays /$cpar William Marsden ... ; Traduit de l'anglois par J. Parraud, sur la deuxième édition, avec des cartes.
=246  05$aVoyage a Sumatra.
=264  \1$aA Paris :$bChez Buisson, Libraire, rue Hautefeuille, no. 20,$cl'an IIe. de la République frano̧ise [1793 or 1794]
=300  \\$a2 volumes :$b1 folded table, 1 folded map ;$c20 cm (8vo)
=336  \\$atext$btxt$2rdacontent
=337  \\$aunmediated$bn$2rdamedia
=338  \\$avolume$bnc$2rdacarrier
=340  \\$m8vo$0http://rdaregistry.info/termList/bookFormat/1003
=500  \\$aCollation: volume 1: [4], 363, [1] pages, 1 folded leaf of plates; volume 2: [4], 353, [3] pages, 1 folded leaf of plates.
=500  \\$aIn volume 1, page 363 erroneously numbered 383.
=500  \\$aSignatures: volume 1: pi² a⁸ A-Y⁸ Z⁶;  volume 2: pi² A-V⁸ X⁶ Y⁸ Z⁴
=500  \\$aIncludes folded table of Sumatran languages Rejang, Batta, and Lampoon, with alphabets and pronunciation of each character.
=500  \\$aHead- and tail-pieces.
=500  \\$aHalf title pages.
=500  \\$aIncludes many notes by the translator, J.P. Parraud.
=504  \\$aIncludes bibliographical references and index.
=651  \0$aSumatra (Indonesia)$vMaps$vEarly works to 1800.
=651  \0$aSumatra (Indonesia)$xDescription and travel$vEarly works to 1800.
=650  \0$aNatural history$zIndonesia$zSumatra$vPre-Linnean works.
=650  \0$aRejang language (Sumatra, Indonesia)$vEarly works to 1800.
=650  \0$aBatak language$vEarly works to 1800.
=650  \7$aNatural history.$2fast$0(OCoLC)fst01034268
=651  \7$aIndonesia$zSumatra$2fast$0(OCoLC)fst01245953
=700  1\$aParraud, J. P.,$etranslator.
=700  1\$aBuisson, François,$d1753-1814,$ebookseller.
=909  \\$acat$bMNU$c2018-02-05$dm-mccl
=913  \\$avb16
=997  \\$a14980078
=998  \\$aLDR:02720cam#a2200541Ii#4500
=998  \\$b008:861216q17931794fr#abd###b####001#0#fre##

