=LDR  01741cam a2200445Ii 4500
=001  9975672500601701
=005  20181019143705.0
=008  980219s1795\\\\enk\\\\\\\\\\\000\0\eng\d
=035  \\$aMB4954
=035  \\$a(OCoLC)38467792
=040  \\$aEUN$beng$erda$edcrmb$cEUN$dOCLCQ$dOCLCG$dOCLCQ$dOCLCF$dOCLCO$dOCLCQ$dMNU
=049  \\$aMNUA
=050  \4$aAC4
=099  \9$a1795 Lu
=100  1\$aLushington, Stephen,$cSir,$d1744-1807,$eauthor.
=245  14$aThe correspondence between Sir Stephen Lushington, baronet, and Warren Hastings, Esq. :$bin the statement alluded to in both letters.
=250  \\$aA correct edition.
=264  \1$aLondon :$bPrinted for J. Debrett, opposite Burlington-House, Piccadilly,$c1795.
=300  \\$a[iv], 46 pages ;$c22 cm (8vo)
=336  \\$atext$btxt$2rdacontent
=337  \\$aunmediated$bn$2rdamedia
=338  \\$avolume$bnc$2rdacarrier
=340  \\$m8vo$0http://rdaregistry.info/termList/bookFormat/1003
=500  \\$aSignatures: [A]² B-G⁴
=500  \\$aFinal leaf (G4) blank.
=510  4\$aEnglish short title catalogue,$cT075874.
=610  20$aEast India Company
=600  10$aHastings, Warren,$d1732-1818$xFinance, Personal.
=650  \0$aImpeachments.
=600  17$aHastings, Warren,$d1732-1818$2fast$0(OCoLC)fst00153371
=610  27$aEast India Company$2fast$0(OCoLC)fst00537796
=650  \7$aFinance, Personal$2fast$0(OCoLC)fst00924449
=650  \7$aImpeachments$2fast$0(OCoLC)fst00968081
=700  1\$aHastings, Warren,$d1732-1818$eauthor.
=700  1\$aDebrett, John,$d-1822,$ebookseller.
=909  \\$acat$bMNU$c2018-02-07$dm-mccl
=913  \\$avb16
=997  \\$a38467792
=998  \\$aLDR:01623cam#a2200409Ii#4500
=998  \\$b008:980219s1795####enk###########000#0#eng#d

