=LDR  01797cam a2200445Ii 4500
=001  9975672702601701
=005  20181019143706.0
=008  881205s1795\\\\fr\bf\\\\\\\\\000\0\fre\\
=010  \\$a   16005227 
=019  \\$a19083539
=035  \\$aMB5646
=035  \\$a(OCoLC)21938902
=040  \\$aDLC$beng$erda$edcrmb$cPAU$dNYP$dSTF$dOCLCQ$dOCLCF$dOCLCO$dOCL$dOCLCA$dMNU
=043  \\$ae-fr---$anwht---
=049  \\$aMNUA
=050  00$aF1923$b.D44
=099  \9$a1795 Des
=100  1\$aDescourtilz, M. E.$q(Michel Etienne),$d1775-1835,$eauthor.
=245  10$aHistoire des désastres de Saint-Domingue :$bprécédée d'un tableau du régime et des progrès de cette colonie, depuis sa fondation, jusqu'à l'époque de la révolution française, avec carte ...
=264  \1$aA Paris :$bChez Garnery, Libraire, rue Serpente, No. 17,$can III (1795).
=300  \\$axii, 388 pages, [1] folded leaf of plates :$bmap ;$c21 cm (8vo)
=336  \\$atext$btxt$2rdacontent
=337  \\$aunmediated$bn$2rdamedia
=338  \\$avolume$bnc$2rdacarrier
=340  \\$m8vo$0http://rdaregistry.info/termList/bookFormat/1003
=500  \\$aHalf title.
=651  \0$aHaiti$xHistory$yRevolution, 1791-1804.
=651  \0$aFrance$xColonies$zAmerica.
=611  27$aRevolution (Haiti : 1791-1804)$2fast$0(OCoLC)fst01354524
=650  \7$aFrench colonies.$2fast$0(OCoLC)fst01930852
=651  \7$aAmerica$2fast$0(OCoLC)fst01239786
=651  \7$aHaiti$2fast$0(OCoLC)fst01205135
=648  \7$a1791-1804$2fast
=655  \7$aHistory.$2fast$0(OCoLC)fst01411628
=700  1\$aGarnéry, Jean-Baptiste,$d1764-1843,$ebookseller.
=909  bM$aNU$c2018-02-07$dm-mccl
=913  \\$avb16
=997  \\$a21938902
=998  \\$aLDR:01738cam#a2200409Ii#4500
=998  \\$b008:881205s1795####fr#bf#########000#0#fre##

