=LDR  01540aam a2200385 a 4500
=001  9951416270001701
=005  20170404002929.0
=008  881017s1776\\\\enk\\\\\\\\\\\000\0\eng\d
=035  \\$a(Aleph)006087391UMN01
=035  \\$aMB1609
=035  \\$a(OCoLC)228761352
=040  \\$aCu-RivES$edcrmb$cHUV$dMnU
=099  \9$a1776 Le
=100  1\$aLedyard, John,$d1754-1803.
=245  10$aMethods for improving the manufacture of indigo :$boriginally submitted to the consideration of the Carolina planters : and now published for the benefit of all the British colonies, whose situation is favorable to the culture of indigo : to which are added several public and private letters relating to the same subject /$cby an experienced dyer.
=260  \\$aDevizes :$bprinted for the author by T. Burrough,$cMDCCLXXVI [1776]
=300  \\$a55 pages, 1 unnumbered page ;$c23 cm (8vo)
=336  \\$atext$btxt$2rdacontent
=337  \\$aunmediated$bn$2rdamedia
=338  \\$avolume$bnc$2rdacarrier
=340  \\$m8vo$0http://rdaregistry.info/termList/bookFormat/1003
=500  \\$aDedication signed: John Ledyard.
=500  \\$aIncludes advertisement.
=500  \\$aErrata: p. [v]
=510  4\$aESTC (RLIN),$cN034881
=510  4\$aSabin$c87896
=650  \0$aIndigo
=700  1\$aBurrough, T.,$dactive 1744-1774,$eprinter.
=926  \\$aMARS
=967  \\$ascs20170325
=968  \\$aRDA ENRICHED
=997  \\$a228761352
=998  \\$aLDR:01443aam#a2200361#a#4500
=998  \\$b008:881017s1776####enk###########000#0#eng#d
=SID  \\$aZ39$bOCLC

