=LDR  01820nam a2200409 a 4500
=001  9951418460001701
=005  20170404003225.0
=008  110919s1776\\\\enk\\\\\\\\\\\000\0\eng\d
=035  \\$a(Aleph)006087383UMN01
=035  \\$aMB6668
=035  \\$a(OCoLC)2631835
=040  \\$aMnU$edcrmb$cMnU
=043  \\$an-us---
=050  \4$aE211$b.M17 1776
=099  \9$a1776 Mac
=100  1\$aMacpherson, James,$d1736-1796.
=245  14$aThe rights of Great Britain asserted against the claims of America :$bbeing an answer to the Declaration of the general Congress.
=250  \\$aThe third edition, with additions.
=260  \\$aLondon :$bPrinted for T. Cadell, in the Strand,$cMDCCLXXVI [1776]
=300  \\$a6 unnumbered pages, 96 pages, 1 unnumbered folded leaf ;$c21 cm (8vo)
=336  \\$atext$btxt$2rdacontent
=337  \\$aunmediated$bn$2rdamedia
=338  \\$avolume$bnc$2rdacarrier
=340  \\$m8vo$0http://rdaregistry.info/termList/bookFormat/1003
=500  \\$aPublished anonymously, at the instance of the British government. Authorship also attributed to Sir John Dalrymple and to Lord George Germain.
=500  \\$a"A declaration by the representatives of the United Colonies of North America ... setting forth the causes and necessity of their taking up arms [dated Philadelphia, July 6, 1775]": pages 89-96.
=500  \\$aIncludes half title and advertisement.
=651  \0$aUnited States$xPolitics and government$y1775-1783.
=651  \0$aUnited States$xHistory$yRevolution, 1775-1783$xCauses.
=700  1\$aCadell, Thomas,$d1773-1836,$eprinter.
=710  1\$aUnited States.$bContinental Congress.
=926  \\$aMARS
=967  \\$ascs20170325
=968  \\$aRDA ENRICHED
=997  \\$a2631835
=998  \\$aLDR:01722nam#a2200385#a#4500
=998  \\$b008:110919s1776####enk###########000#0#eng#d

