=LDR  02301cam a2200445 a 4500
=001  9951621270001701
=005  20170404004611.0
=006  m\\\\\\\\u\\\\\\\\
=008  861222s1785\\\\fr\\\\\\\\\\\\000\0\fre\d
=024  7\$aurn:nbn:de:bvb:12-bsb10359575-1$2urn
=035  \\$a(Aleph)006650544UMN01
=035  \\$aMB5807
=035  \\$a(OCoLC)15002473
=040  \\$aCUY$beng$edcrb$cCUY$dUMC$dOCL$dOCLCG$dDEBBG$dOCLCQ$dMnU
=043  \\$aa-cc---
=050  \4$aDS709$b.G838 1785
=099  \9$a1785 Gr
=100  1\$aGrosier, J.-B.$q(Jean-Baptiste),$d1743-1823.
=245  10$aDescription générale de la Chine, ou, Tableau de l'état actuel de cet empire ... /$crédigé par M. l'abbé Grosier, Chanoine de S. Louis du Louvre.
=246  3\$aTableau de l'état actuel de cet empire
=260  \\$aA Paris :$bChez Moutard, imprimeur-libraire de la reine, de madame, & de Madame comtesse d'Artois, rue des Mathurins, Hôtel de Cluni,$cMDCCLXXXV [1785]
=300  \\$a4 unnumbered pages, 798 pages ;$c27 cm (4to)
=336  \\$atext$btxt$2rdacontent
=337  \\$aunmediated$bn$2rdamedia
=338  \\$avolume$bnc$2rdacarrier
=340  \\$m4to$0http://rdaregistry.info/termList/bookFormat/1002
=500  \\$aSignatures: pi² A-5G⁴ 5H⁴( -5H4).
=500  \\$aIncludes half title.
=500  \\$aTitle vignette, head- and tail-pieces.
=500  \\$aAlso published as t. 13 of Histoire générale de la Chine / J.A.M. de Moyriac de Mailla. Cf. Bibl. nat. cat.
=505  0\$a(from t. p.) 1. La description topographique des quinze provinces qui le composent, celle de la Tartarie, des isles, & autres pays tributaires qui en dependent; le nombre & la situation de ses villes, l'état de sa population, les productions variées de son sol, & les principaux détails de son histoire naturelle -- 2. Un précis des connoissances le plus récemment parvenues en Europe sur le gouvernment, la religion, les mœurs & les usages, les arts & les sciences des chinois.
=651  \0$aChina$xDescription and travel$vEarly works to 1800.
=926  \\$aMARS
=967  \\$ascs20170325
=968  \\$aRDA ENRICHED
=997  \\$a15002473
=998  \\$aLDR:02309cam#a2200421#a#4500
=998  \\$b008:861222s1785####fr############000#0#fre#d
=998  \\$d006:m        u        
=SID  \\$aZ39$bOCLC

