=LDR  03422cam a2200613 i 4500
=001  9951629060001701
=005  20170404004620.0
=008  910418s1785\\\\enkbcf\e\b\\\\000\0\eng\\
=035  \\$a(Aleph)006650525UMN01
=035  \\$aMB1330
=035  \\$a(OCoLC)317336236
=040  \\$aCaOTP$beng$erda$edcrmb$cTOH$dOCLCQ$dOCLCO$dMNU
=043  \\$an------$apo-----$ar------
=049  \\$aMNUA
=050  \4$aG420
=082  04$a910.4
=099  \9$a1785 Cook
=099  \9$a1785 oCook
=100  1\$aCook, James,$d1728-1779$eauthor.
=245  12$aA voyage to the Pacific Ocean undertaken by the command of His Majesty for making discoveries in the northern hemisphere :$bperformed under the direction of Captains Cook, Clerke, and Gore in His Majesty's ships the Resolution and Discovery, in the years 1776, 1777, 1778, 1779, and 1780 ... /$cvol. I and II written by Captain James Cook, F.R.S. ; vol. III by Captain James King.
=246  18$aCook's northern voyage.
=250  \\$aThe third edition.
=264  \1$aLondon :$bPrinted by H. Hughs for G. Nicol, bookseller to His Majesty in the Strand, and T. Cadell in the Strand,$cMDCCLXXXV [1785]
=300  \\$a3 volumes :$bplates (some folded), maps (some folded), portraits, folded table ;$c29 cm (4to) +$e1 atlas ([63] leaves of plates (2 folded)) ; 52 cm
=336  \\$atext$btxt$2rdacontent
=337  \\$aunmediated$bn$2rdamedia
=338  \\$avolume$bnc$2rdacarrier
=340  \\$m4to$0http://rdaregistry.info/termList/bookFormat/1002
=500  \\$aOriginally published in 1784.
=500  \\$aAtlas contains the folio plates marked * in the list of plates in volume 1.
=500  \\$aTitle page vignettes; volume 1 is portrait of Cook.
=500  \\$aPlates by John Webber who accompanied the voyages.
=500  \\$aVolume 1: [10], xcvi, 421, [1] pages, 7 leaves of unnumbered plates (5 folded); volume 2: [14], 548 pages, 11 leaves of unnumbered plates (6 folded); vol. 3: [14], 564 pages, [7] leaves of plates (4 folded).
=500  \\$aSignatures: volume 1: pi² A⁴ a-m⁴ B-3G⁴ H⁴ (-H4); vol. 2: pi² (-pi2) A⁴ a² B-3Z⁴ 4A²; vol. 3: pi² (-pi2) A⁴ a² B-4B⁴ 4C² 4D⁴.
=500  \\$aIncludes A defence of the arguments advanced in the introduction to Captain Cook's last voyage against the existence of Cape Circumcision, signed by William Wales: volume 3, pages 557-564.
=504  \\$aIncludes bibliographical references.
=600  10$aGore, John,$d1730?-1790.
=600  10$aClerke, Charles,$d1741-1779.
=650  \0$aVoyages and travels$vEarly works to 1800.
=651  \0$aPacific Coast (North America)$xDiscovery and exploration$vEarly works to 1800.
=651  \0$aOceania$xDiscovery and exploration$vEarly works to 1800.
=651  \0$aNorthwest Passage$vEarly works to 1800.
=700  1\$aWebber, John,$d1751-1793,$eartist.
=700  1\$aKing, James,$d1750-1784,$eauthor.
=700  1\$aHughs, Henry,$d-1810,$eprinter.
=700  1\$aNicol, G.$q(George),$d1740?-1828,$ebookseller.
=700  1\$aCadell, T.$q(Thomas),$d1742-1802,$ebookseller.
=700  12$aWales, William,$d1734?-1798.$tDefence of the arguments advanced in the introduction to Captain Cook's last voyage against the existence of Cape Circumcision.
=926  \\$aMARS
=967  \\$ascs20170325
=968  \\$aRDA ENRICHED
=997  \\$a317336236
=998  \\$aLDR:03377cam#a2200589#i#4500
=998  \\$b008:910418s1785####enkbcf#e#b####000#0#eng##

