=LDR  00996cam a2200313 a 4500
=001  9951652020001701
=005  20170404004705.0
=008  001128s1772\\\\xx\\\\\\\\\\\\000\0\eng\d
=035  \\$a(Aleph)006067817UMN01
=035  \\$aMB1087
=035  \\$a(OCoLC)83030136
=040  \\$aMiU-C$cE8W$dMnU
=099  \9$a1774 fPl
=245  00$aPlan, for relieving the East-India Company, from the present temporary distress, in point of cash.
=260  \\$a[Place of publication not identified],$c[1772]
=300  \\$a9 pages ;$c34 cm (folio)
=336  \\$atext$btxt$2rdacontent
=337  \\$aunmediated$bn$2rdamedia
=338  \\$avolume$bnc$2rdacarrier
=340  \\$mfolio$0http://rdaregistry.info/termList/bookFormat/1001
=500  \\$aCaption title.
=610  20$aEast India Company
=926  \\$aMARS
=967  \\$ascs20170325
=968  \\$aRDA ENRICHED
=997  \\$a83030136
=998  \\$aLDR:00897cam#a2200289#a#4500
=998  \\$b008:001128s1772####xx############000#0#eng#d
=SID  \\$aZ39$bOCLC

