=LDR  02833cam a2200577 a 4500
=001  9951815050001701
=005  20170404005825.0
=008  960103m17831793fr\abcf\\\\\\\000\0\fre\\
=010  \\$a   79383087 
=035  \\$a(Aleph)006401125UMN01
=035  \\$aMB5149
=035  \\$a(OCoLC)365752330
=040  \\$aDLC$edcrmb$beng$cUBY$dHHG$dMNU
=043  \\$ae-ur---
=049  \\$aMNUA
=050  00$aDK39$b.C64
=050  04$aDK39$b.C64 1783
=082  00$a947
=099  \9$a1783 Cl1
=100  1\$aClerc, Nicolas-Gabriel,$d1726-1798.
=245  10$aHistoire physique, morale, civile et politique de la Russie moderne /$cpar M. Le Clerc.
=246  1\$iHalf title$aHistoire de la Russie moderne.
=260  \\$aA Paris :$bChez Froullé, libraire, Pont Notre-Dame, vis-à-vis le Quai de Gêvres ;$aA Versailles :$bChez Blaizot , libraire, ... rue Satory,$cMDCCLXXXIII-l'an IIe de la République Françoise [1783-1793 or 1794] ;$e([Paris] :$fDe l'Imprimerie de Clousier, rue de Sorbonne)
=300  \\$a3 volumes :$bmaps, portraits ;$c28 cm (4to) +$e1atlas (1 volume of plates : folded illustrations, folded maps, folded plans, portraits ; 34 cm)
=336  \\$atext$btxt$2rdacontent
=337  \\$aunmediated$bn$2rdamedia
=338  \\$avolume$bnc$2rdacarrier
=340  \\$m4to$0http://rdaregistry.info/termList/bookFormat/1002
=500  \\$aVolume 2 has author statement: Par MM. Le Clerc père ... [et] Le Clerc fils ...
=500  \\$aVolume 3 has imprint: A Paris, Chez Maradan, libraire, rue du Cimetière Saint-André-des-Arts, No. 9.
=500  \\$aComplements the author's Histoire physique, morale, civile et politique de la Russie ancienne.
=500  \\$aPrinter from colophon.
=500  \\$aPlates engraved by various artists, the portraits after Chevalier.
=500  \\$aThe contents of the atlas were sent separately to subscribers. Its plates include maps engr. by P. F. Tardieu and views engr. by various artists after Lespinasse. Its printed leaves contain statistical table.
=500  \\$aTitle page vignettes, head- and tail-pieces.
=500  \\$aErrata: final pages volumes 1-2.
=651  \0$aRussia$xHistory$vEarly works to 1800.
=700  1\$aLe Clerc, Antoine François,$d1757-1816.
=700  1\$aChevalier, Jean,$dapproximately 1725-approximately 1790.
=700  1\$aTardieu, Pierre François,$d1711-1771.
=700  1\$aLespinasse, Louis Nicolas de,$d1734-1808.
=700  1\$aClousier, Jacques-Gabriel,$d-1804?,$eprinter.
=710  2\$aChez Blaizot (Libraire),$epublisher.
=710  2\$aChez Maradan (Libraire),$epublisher.
=710  2\$aChez Froullé (Libraire),$epublisher.
=926  \\$aMARS
=967  \\$ascs20170325
=968  \\$aRDA ENRICHED
=997  \\$a365752330
=998  \\$aLDR:02801cam#a2200553#a#4500
=998  \\$b008:960103m17831793fr#abcf#######000#0#fre##

