=LDR  02177cam a2200445 a 4500
=001  9951850340001701
=005  20170404005614.0
=008  820720s1774\\\\enkabf\\\\\\\\000\0\eng\d
=035  \\$a(Aleph)006043656UMN01
=035  \\$aMB2447
=035  \\$a(OCoLC)8615303
=040  \\$aSMI$edcrmb$cSMI$dOCLCQ$dOCLCG$dKRTAS$dMnU
=043  \\$ar------
=050  \4$aG690 1773$b.J86
=099  \9$a1774 Jo
=245  04$aThe journal of a voyage undertaken by order of His present Majesty :$bfor making discoveries toward the North Pole, by the Hon. Commodore Phipps, and Captain Lutwidge, in His Majesty's sloops Race Horse and Carcase. To which is prefixed, An account of the several voyages undertaken for the discovery of a north-east passage to China and Japan.
=260  \\$aLondon :$bPrinted for F. Newbery, at the corner of St. Paul's Church Yard,$cMDCCLXXIV [1774]
=300  \\$a[1] leaf, xxviii, [29]-118 pages, 3 folded leaves of plates :$billustrations, maps ;$c19 cm (8vo)
=336  \\$atext$btxt$2rdacontent
=337  \\$aunmediated$bn$2rdamedia
=338  \\$avolume$bnc$2rdacarrier
=340  \\$m8vo$0http://rdaregistry.info/termList/bookFormat/1003
=500  \\$aJournal kept by some one on the Carcase. (cf. page 93) Reprinted in David Henry's "Historical account of all the voyages round the world," London, 1773-74, volume 1, under the caption title: Journal of a voyage to discover the North East Passage.
=500  \\$aFirst map engraved by Tho. E. Bowen, second by J. Gibson.
=610  20$aCarcass (Ship : 18th century)
=610  20$aRacehorse (Ship : 19th century)
=651  \0$aNortheast Passage.
=651  \0$aArctic regions$xDiscovery and exploration.
=700  1\$aMulgrave, Constantine John Phipps,$cBaron,$d1744-1792.
=700  1\$aLutwidge, Skeffington.
=700  1\$aBowen, Thomas,$d-1790,$eengraver.
=700  1\$aGibson, J.$q(John),$dactive 1750-1792,$eengraver.
=700  1\$aNewbery, Francis,$d-1780$ebookseller.
=926  \\$aMARS
=967  \\$ascs20170325
=968  \\$aRDA ENRICHED
=997  \\$a8615303
=998  \\$aLDR:02080cam#a2200421#a#4500
=998  \\$b008:820720s1774####enkabf########000#0#eng#d
=SID  \\$aZ39$bOCLC

