=LDR  02547cam a22004691  4500
=001  9951865030001701
=005  20170404005750.0
=008  820115s1774\\\\enkb\\\\\\\\\\000\0\eng\\
=010  \\$a   03027712 
=035  \\$a(Aleph)006043660UMN01
=035  \\$aMB4501
=035  \\$a(OCoLC)8067376
=040  \\$aDLC$edcrmb$cMAH$dDLC$dOCLCQ$dOCLCG$dMnU
=043  \\$as-ag---$as-cl---$alsfk---
=050  00$aG680$b.M9
=099  \9$a1774 Fa
=100  1\$aFalkner, Thomas,$d1707-1784.
=245  12$aA description of Patagonia and the adjoining parts of South America :$bcontaining an account of the soil, produce, animals, vales, mountains, rivers, lakes, &c. of those countries : the religion, government, policy, customs, dress, arms, and language of the Indian inhabitants : and some particulars relating to Falkland's Islands /$cBy Thomas Falkner, who resided near forty years in those parts ; illustrated with a new map of the southern parts of America, engraved by Mr. Kitchin, hydrographer to His Majesty.
=260  \\$aHereford :$bPrinted by C. Pugh and sold by T. Lewis, Russell-Street, Covent-Garden, London,$cMDCCLXXIV [1774]
=300  \\$aiv, 144 pages, 2 unnumbered folded leaves of plates :$bmap ;$c28 cm (4to)
=336  \\$atext$btxt$2rdacontent
=337  \\$aunmediated$bn$2rdamedia
=338  \\$avolume$bnc$2rdacarrier
=340  \\$m4to$0http://rdaregistry.info/termList/bookFormat/1002
=500  \\$aAdvertisement: prel. leaf [2].
=500  \\$aCompiled from the author's papers, by William Combe. cf. Dict. Nat. Biog. Thomas Pennant published another account under the title "Of the Patagonians. Formed from the relation of Father Falkener, a Jesuit ..." printed at the private press of George Allan of Darlington in 1788 (40 copies) and reprinted in the appendix to "The literary life of the late Thomas Pennant. By himself," London, 1793.
=500  \\$aOne map in two parts.
=510  0\$aSabin$c23734.
=650  \0$aIndians of South America$zPatagonia (Argentina and Chile)$vEarly works to 1800.
=650  \0$aMoluche dialect.
=651  \0$aPatagonia (Argentina and Chile)$xDescription and travel$vEarly works to 1800.
=651  \0$aFalkland Islands.
=700  1\$aKitchin, Thomas,$d1718-1784,$eengraver.
=700  1\$aPugh, C.,$eprinter.
=700  1\$aLewis, Thomas,$d-1802,$ebookseller.
=926  \\$aMARS
=967  \\$ascs20170325
=968  \\$aRDA ENRICHED
=997  \\$a8067376
=998  \\$aLDR:02449cam#a22004451##4500
=998  \\$b008:820115s1774####enkb##########000#0#eng##
=SID  \\$aZ39$bOCLC

