=LDR  01574cam a2200421 a 4500
=001  9956775280001701
=005  20170405015723.0
=008  050614s1776\\\\dk\\\\\\\\\\\\000\0\fre\d
=035  \\$a(Aleph)006087868UMN01
=035  \\$a(OCoLC)60802997
=035  \\$aMB4624
=040  \\$aBRL$edcrmb$cBRL$dOCLCG$dMnU
=050  \4$aHB151
=099  \9$a1776 Mar
=100  1\$aMarien y Arróspide, Tomás Antonio de.
=245  10$aTableau des droits & usages de commerce relatifs au passage du Sund /$cpar M. Thomas Antoine de Marien.
=260  \\$aA Copenhague :$bChez Nicolas Möller, imprimeur de la cour,$cMDCCLXXVI [1776]
=300  \\$a6 unnumbered pages, 112 pages, 1 unnumbered leaf of plates (folded) ;$c19 cm (8vo)
=336  \\$atext$btxt$2rdacontent
=337  \\$aunmediated$bn$2rdamedia
=338  \\$avolume$bnc$2rdacarrier
=340  \\$m8vo$0http://rdaregistry.info/termList/bookFormat/1003
=500  \\$aErrata on pages [5-6] (first count).
=500  \\$aOne folded table inserted between pages 22-23.
=500  \\$aHead-pieces; tail-pieces.
=500  \\$aSignatures: )(⁴ (-4) A-G⁸
=650  \0$aTariff$xLaw and legislation$zDenmark.
=651  \0$aDenmark$xCommerce.
=655  \7$aPrinter's device on title page.$2rbpub
=655  \7$aPublishers' advertisements.$2rbgenr
=700  1\$aMøller, Nicolaus,$d1733-1806,$epublisher.
=926  \\$aMARS
=967  \\$ascs20170325
=968  \\$aRDA ENRICHED
=997  \\$a60802997
=998  \\$aLDR:01510cam#a2200397#a#4500
=998  \\$b008:050614s1776####dk############000#0#fre#d
=SID  \\$aZ39$bOCLC

