=LDR  02380cam a2200553 a 4500
=001  9956781480001701
=005  20170405015601.0
=008  920414s1776\\\\enkd\\\\\\\\\\000\0\eng\d
=035  \\$a(Aleph)006087866UMN01
=035  \\$aMB5825
=035  \\$a(OCoLC)154762388
=040  \\$aNz$edcrmb$cNZAUC$dOCLCG$dKRTAS$dMnU
=043  \\$apo-----$at------
=050  \4$aAC4
=082  04$a910.41$219
=099  \9$a1776 Ma
=100  1\$aMarra, John.
=245  10$aJournal of the Resolution's voyage, in 1772, 1773, 1774, and 1775, on discovery to the Southern hemisphere, by which the non-existence of an undiscovered continent, between the Equator and the 50th degree of southern latitude, is demonstratively proved :$balso a journal of the Adventure's voyage, in the years 1772, 1773, and 1774.
=246  3\$aVoyage to the Southern hemisphere.
=246  3\$aCapt. Cooke's second voyage to the Southern hemisphere.
=260  \\$aDublin :$bPrinted for Caleb Jenkin, No. 58, Dame-street, and John Beatty, No. 32, Skinner-row,$cMDCCLXXVI [1776]
=300  \\$axv, 1 unnumbered page, 328 pages, 1 unnumbered folded leaf of plates :$bchart ;$c21 cm (8vo)
=336  \\$atext$btxt$2rdacontent
=337  \\$aunmediated$bn$2rdamedia
=338  \\$avolume$bnc$2rdacarrier
=340  \\$m8vo$0http://rdaregistry.info/termList/bookFormat/1003
=500  \\$aBy John Marra; edited by David Henry.
=500  \\$aHalf title: Voyage to the Southern hemisphere.
=500  \\$aRunning title: Capt. Cooke's second voyage to the Southern hemisphere.
=500  \\$aSignatures: [A]-X⁸ Y⁴.
=510  4\$aEnglish Short Title Catalogue$cT142047
=510  4\$aRoscoe$cA317
=510  4\$aBeddie, M.K. Cook (2nd ed.)$c1271.
=600  10$aCook, James,$d1728-1779
=610  20$aResolution (Ship)
=610  20$aAdventure (Bark)
=650  \0$aVoyages around the world$vEarly works to 1800.
=651  \0$aOceania$xDiscovery and exploration$vEarly works to 1800.
=651  \0$aAntarctica$vEarly works to 1800.
=700  1\$aHenry, David,$d1710-1792,$eeditor.
=700  1\$aJenkin, Caleb,$ebookseller.
=700  1\$aBeatty, John,$dactive 1776-1789,$ebookseller.
=926  \\$aMARS
=967  \\$ascs20170325
=968  \\$aRDA ENRICHED
=997  \\$a154762388
=998  \\$aLDR:02301cam#a2200529#a#4500
=998  \\$b008:920414s1776####enkd##########000#0#eng#d
=SID  \\$aZ39$bOCLC

