=LDR  01101nam a2200325 a 4500
=001  9956978900001701
=005  20170405032450.0
=008  110301s1770\\\\sw\\\\\\\f\\\\000\0\swe\d
=035  \\$a(Aleph)005989419UMN01
=035  \\$aMB2954
=035  \\$a(OCoLC)706031855
=040  \\$aMnU$edcrmb$cMnU
=099  \9$a1770 Ze
=100  1\$aZettersten, Erik.
=245  10$aFörsök til en köpmanna-geographie /$caf Erik Zettersten.
=260  \\$aStockholm :$bTryckt hos Wennberg & Nordström,$c1770.
=300  \\$a192 pages ;$c18 cm (8vo)
=336  \\$atext$btxt$2rdacontent
=337  \\$aunmediated$bn$2rdamedia
=338  \\$avolume$bnc$2rdacarrier
=340  \\$m8vo$0http://rdaregistry.info/termList/bookFormat/1003
=650  \0$aCommerce$vHandbooks, manuals, etc.$vEarly works to 1800.
=700  1\$aWennberg & Nordström,$eprinter.
=700  1\$aNordström, Anders Jacobsson,$d1742-1821,$eprinter.
=926  \\$aMARS
=967  \\$ascs20170325
=968  \\$aRDA ENRICHED
=997  \\$a706031855
=998  \\$aLDR:01039nam#a2200301#a#4500
=998  \\$b008:110301s1770####sw#######f####000#0#swe#d

