=LDR  01083nam a2200349 a 4500
=001  9912284750001701
=005  20170328011745.0
=008  110622m17721775fr\\\\\\\\\\\\000\0\fre\d
=035  \\$a(Aleph)006051578UMN01
=035  \\$aMB2523
=035  \\$a(OCoLC)738347028
=040  \\$aMnU$edcrmb$cMnU
=043  \\$ae-fr---$aas-----$aaz-----
=099  \9$a1774 fCo
=110  2\$aEast India Company
=245  10$aVente particuliere.
=260  \\$a[Paris?] :$b[publisher not identified],$c[1772-1775?]
=300  \\$a2 volumes ;$c35 cm (folio)
=336  \\$atext$btxt$2rdacontent
=337  \\$aunmediated$bn$2rdamedia
=338  \\$avolume$bnc$2rdacarrier
=340  \\$mfolio$0http://rdaregistry.info/termList/bookFormat/1001
=500  \\$aCaption title.
=500  \\$aLists of cargo descriptions.
=651  \0$aFrance$xCommerce$zEast Indies.
=651  \0$aEast Indies$xCommerce$zFrance.
=926  \\$aMARS
=967  \\$ascs20170325
=968  \\$aRDA ENRICHED
=997  \\$a738347028
=998  \\$aLDR:00984nam#a2200325#a#4500
=998  \\$b008:110622m17721775fr############000#0#fre#d

