=LDR  01719cam a2200421 a 4500
=001  9912467020001701
=005  20170328012934.0
=008  780602s1776\\\\enk\\\\\\\\\\\000\0bfre\\
=010  \\$a   16011575 
=035  \\$a(Aleph)000467880UMN01
=035  \\$a(MnU)notisANM7090
=035  \\$aMB1536
=035  \\$a(OCoLC)3946385
=040  \\$aDLC$edcrmb$cEEM$dSER$dMnU
=049  \\$aMNUA
=050  00$aDC135.T4$bC6
=099  \9$a1776 Co
=100  1\$aCoquereau, Jean-Baptiste-Louis.
=245  10$aMémoires de l'abbé Terrai, controlleur-général des finances /$cavec une relation de l'émeute arrivée à Paris en 1775, & suivis de quatorze lettres d'un actionnaire de la Compagnie des Indes.
=260  \\$aA Londres :$b[publisher not identified],$cMDCCLXXVI [1776]
=300  \\$a2 unnumbered leaves, 398 pages ;$c17 cm (12mo)
=336  \\$atext$btxt$2rdacontent
=337  \\$aunmediated$bn$2rdamedia
=338  \\$avolume$bnc$2rdacarrier
=340  \\$m12mo$0http://rdaregistry.info/termList/bookFormat/1004
=500  \\$aIncludes half title.
=500  \\$aTitle page vignette.
=500  \\$aPublished also under title: Mémoires concernant l'administration des finances, sous le ministère de M. l'abbé Terrai ... Londres, 1776; and Mémoires de l'abbé Terrai ... contenant sa vie, son administration, ses intrigues et sa chute. A la Chancellerie, 1777.
=600  10$aTerray, Joseph-Marie,$d1715-1778.
=610  20$aCompagnie des Indes.
=650  \0$aFinance$zFrance.
=926  \\$aMARS
=967  \\$ascs20170325
=968  \\$aRDA ENRICHED
=997  \\$a3946385
=998  \\$aLDR:01692cam#a2200397#a#4500
=998  \\$b008:780602s1776####enk###########000#0bfre##
=999  99$aANM7090$bUL

