=LDR  02034cam a2200529 a 4500
=001  9940578770001701
=005  20170402033504.0
=008  871217s1783\\\\gw\bf\\\\b\\\\000\0\ger\\
=010  \\$a   05040242 
=016  7\$a000808269$2Uk
=019  \\$a560157650
=035  \\$a(Aleph)006400560UMN01
=035  \\$aMB5147
=035  \\$a(OCoLC)17253367
=040  \\$aDLC$edcrmb$beng$cLRU$dDLC$dWAU$dUKMGB$dMNU
=041  1\$ager$heng
=042  \\$apremarc
=043  \\$ae-urs--$ae-ur---$aa-cc---$apo-----
=049  \\$aMNUA
=050  00$aG680$b.C88
=050  04$aG680$b.C88 1783
=099  \9$a1783 Co
=100  1\$aCoxe, William,$d1747-1828.
=240  10$aAccount of the Russian discoveries between Asia and America.$lGerman
=245  14$aDie neuen Entdeckungen der Russen zwischen Asien und America :$bnebst der Geschichte der Eroberung Siberiens und des Handels der Russen und Chineser /$caus dem Englishchen des Herrn Coxe übersetzt ; mit Kupfern.
=260  \\$aFrankfurt und Leipzig :$bBey Johann Georg Fleischer,$c1783.
=300  \\$axi, 5 unnumbered pages, 409 pages, 9 unnumbered pages, 5 unnumbered folded leaves of plates :$billustrations, maps ;$c22 cm (8vo)
=336  \\$atext$btxt$2rdacontent
=337  \\$aunmediated$bn$2rdamedia
=338  \\$avolume$bnc$2rdacarrier
=340  \\$m8vo$0http://rdaregistry.info/termList/bookFormat/1003
=500  \\$aFraktur.
=500  \\$aSignatures: [star]⁸ A-2C⁸.
=500  \\$aSigning of first gathering begins with second leaf.
=504  \\$aIncludes bibliographical references.
=650  \0$aDiscoveries in geography$xRussian.
=651  \0$aSiberia (Russia)$xHistory
=651  \0$aRussia$xCommerce$zChina.
=651  \0$aIslands of the Pacific.
=651  \0$aChina$xCommerce$zRussia.
=700  1\$aFleischer, Johann Georg,$dactive 1783-1794,$epublisher.
=926  \\$aMARS
=967  \\$ascs20170325
=968  \\$aRDA ENRICHED
=997  \\$a17253367
=998  \\$aLDR:01953cam#a2200505#a#4500
=998  \\$b008:871217s1783####gw#bf####b####000#0#ger##

