=LDR  01841nam a2200385 a 4500
=001  9940591140001701
=005  20170402033555.0
=008  060908s1671\\\\fr\\\\\\\\\\\\000\0\fre\d
=035  \\$a(Aleph)004845591UMN01
=035  \\$a(OCoLC)72900776
=040  \\$aMnU$cMnU$edcrb
=099  \9$a1671 Mar
=100  1\$aMartin, Ioseph,$dactive 1671.
=245  10$aAu procez d'entre Ioseph Martin, Estienne de Greaux, & autres marchands de la Ville de Marseille, demendeurs en execution d'arrest, & auprincipal [sic], querellants en crime de baraterie, d'une part, et :$bFrançois de Cugis de Ligourne, cy-devant Capitaine de la Polacre, nommèe les Armes de Hierusalem, querellé & defendeur d'autre.
=260  \\$aMarseille :$b[publisher not identified],$c[1671?]
=300  \\$a5 pages, 3 unnumbered pages ;$c23 cm (4to)
=336  \\$atext$btxt$2rdacontent
=337  \\$aunmediated$bn$2rdamedia
=338  \\$avolume$bnc$2rdacarrier
=340  \\$m4to$0http://rdaregistry.info/termList/bookFormat/1002
=500  \\$aThe summary ends "Monsieur de S. Marc, Commissaire. Singé, Courtez."
=500  \\$aP. 6 misnumbered page 7.
=500  \\$aSignatures: A-B².
=520  \\$aThe trial concerned a fraudulent insurance claim for a cargo that was lost at sea. The cargo had been insured for much more than its value.
=650  \0$aInsurance fraud$zFrance$zMarseille$vEarly works to 1800.
=650  \0$aTrials (Fraud)$zFrance$zMarseille$vEarly works to 1800.
=650  \0$aMarine insurance$zFrance$zMarseille$vEarly works to 1800.
=700  1\$aGreaux, Estienne de,$dactive 1671.
=700  1\$aCugis, François de,$cde Ligourne,$dactive 1671.
=926  \\$aMARS
=967  \\$ascs20170325
=968  \\$aRDA ENRICHED
=997  \\$a72900776
=998  \\$aLDR:01773nam#a2200361#a#4500
=998  \\$b008:060908s1671####fr############000#0#fre#d

