=LDR  02093cam a2200517 a 4500
=001  9940598310001701
=005  20170402033718.0
=008  800701s1782\\\\enk\\\\\\b\\\\000\0\eng\\
=010  \\$a   10006628 
=016  7\$a000652578$2Uk
=035  \\$a(Aleph)006400531UMN01
=035  \\$aMB1025
=035  \\$a(OCoLC)6476077
=040  \\$aDLC$edcrmb$beng$cVIC$dDLC$dOCLCQ$dOCLCG$dUKMGB$dGBVCP$dMNU
=043  \\$ae-uk---
=049  \\$aMNUA
=050  00$aHC253$b.C42
=050  04$aHC253$b.C42 1782
=084  \\$a7,25$2ssgn
=099  \9$a1782 Ch
=100  1\$aChalmers, George,$d1742-1825.
=245  13$aAn estimate of the comparative strength of Britain during the present and four preceding reigns, and of the losses of her trade from every war since the revolution /$cby George Chalmers ; to which is added an essay on population by the Lord Chief Justice Hale.
=260  \\$aLondon :$bPrinted for C. Dilly in the Poultry and J. Bowen in New Bond Street,$cMDCCLXXXII [1782]
=300  \\$aiv, 197 pages, 1 unnumbered page, 2 unnumbered folded leaves of tables ;$c26 cm (4to)
=336  \\$atext$btxt$2rdacontent
=337  \\$aunmediated$bn$2rdamedia
=338  \\$avolume$bnc$2rdacarrier
=340  \\$m4to$0http://rdaregistry.info/termList/bookFormat/1002
=500  \\$aErrata: page [1] of third grouping.
=500  \\$aAppendix II consists of corrections, additions and retractions discovered by the compiler since the Estimate was printed.
=500  \\$aSignatures: [A]² B-2C⁴.
=504  \\$aIncludes bibliographical references.
=510  4\$aSabin$c11760
=510  4\$aESTC$cT6295
=650  \0$aWar, Cost of.
=650  \0$aPopulation.
=651  \0$aGreat Britain$xEconomic conditions$vEarly works to 1800.
=651  \0$aGreat Britain$xCommerce$vEarly works to 1800.
=700  1\$aHale, Matthew,$d1609-1676.
=700  1\$aDundas, Henry,$d1742-1811,$epresentor.$5MnU
=926  \\$aMARS
=967  \\$ascs20170325
=968  \\$aRDA ENRICHED
=997  \\$a6476077
=998  \\$aLDR:02000cam#a2200493#a#4500
=998  \\$b008:800701s1782####enk######b####000#0#eng##

