=LDR  04099cam a2200649 a 4500
=001  9940605540001701
=005  20170402033551.0
=008  040323r17831764ne\abf\\\\\\\\001\0\fre\d
=035  \\$a(Aleph)006400461UMN01
=035  \\$aMB1906
=035  \\$a(OCoLC)79252878
=040  \\$aPU$edcrmb$beng$cRBN$dOCLCG$dMNU
=043  \\$an------$anwla---$anwht---$afw-----
=049  \\$aMNUA
=050  \4$aHB151
=099  \9$a1783 Ch
=100  1\$aChambon,$cM.
=240  10$aCommerce de l'Amérique par Marseille
=245  10$aTraité général du commerce de l'Amérique :$bContenant l'histoire des découvertes des Européens dans cette partie du monde, son étendue, ses productions : La description & le commerce des côtes de Guinée, de Malaguete, d'Ivoire, d'Or, de la Barre de Juda, des royaumes d'Andra, Benin, Loanga, Congo, Angola, la Caffrerie, Cap de Bonne-Esperance, &c. Les moeurs des negres & des esclaves, l'état des marchandises propres à ce commerce; les précautions à prendre dans l'achat des esclaves, avec les moyens de les conduire en santé en Amérique : Un traité sur le commerce des grains du royaume & de l'etranger : Et tous les edits, déclarations, lettres patentes & réglemens conernant les differentes branches de commerce : Ouvrage utile aux négocians, jurisconsultes, gens d'affaire, & autres : Orné de figures et cartes geographiques /$cPar M. C**. ancien receveur des fermes du roi.
=246  17$aCommerce de l'Amérique par Marseille
=260  \\$aA Amsterdam :$bChez Marc-Michel Rey, libraire ;$aEt se trouve a Marseille :$bchez Jean Mossy, imprimeur & libraire, au coin du Parc,$cM DCCLXXXIII [1783]
=300  \\$a2 volumes :$billustrations, maps ;$c26 cm (4to)
=336  \\$atext$btxt$2rdacontent
=337  \\$aunmediated$bn$2rdamedia
=338  \\$avolume$bnc$2rdacarrier
=340  \\$m4to$0http://rdaregistry.info/termList/bookFormat/1002
=500  \\$aAttributed to Chambon, receveur général des finances by Barbier, to Chambon, receveur des fermes by BN, and to Chambon, fl. 1775 by NUC Pre-1956.
=500  \\$aOriginally printed under title: Le commerce de l'Amérique par Marseille, Avignon, 1764 and also printed as Le guide de commerce de l'Amérique, principalement par le port de Marseille, Avignon and Marseille, 1777.
=500  \\$aIncludes a description of all commodities including cotton, sugar, indigo, ginger, cocoa, tobacco, coffee and slaves from all parts of the West Indies, and parts of Africa, the Antilles, Haiti, Western Africa, Canada, Louisiana, and French Guinea.
=500  \\$aPagination: volume 1: [8], 615, [1] pages, [14] leaves of plates (6 folded); volume 2: [8], 618, [2] pages, [8] leaves of plates (3 folded).
=500  \\$aSignatures: volume 1: pi⁴ A-4H⁴; volume 2: pi⁴ A-4H⁴ 4I² (4I2 verso blank).
=500  \\$aErrata: volume 1: pages [1], 3rd group; volume 2: pages [1], 3rd group.
=500  \\$aIncludes indexes, chronologies, and explanations of plates in each volume.
=500  \\$aPrinter's ornaments on title pages; engraved head and tail pieces; intials.
=510  4\$aSabin$c11814
=510  4\$aKress Lib.$cB.556
=510  4\$aBissainthe, M. Dict. de bib. haïtienne,$c5068
=510  4\$aBarbier, A.A. Ouvrages anonymes,$c18323
=510  4\$aBrown, J.C. Cat., 1483-1800,$cIII:2841
=650  \0$aSlave trade$zAfrica.
=651  \0$aMarseille (France)$xCommerce.
=651  \0$aFrance$xCommerce$zAmerica.
=651  \0$aAmerica$xCommerce$zFrance.
=651  \0$aFrance$xCommercial policy.
=651  \0$aFrance$xColonies$xAdministration.
=653  \\$aImprint 1783
=700  1\$aRey, Marc-Michel,$d1720-1780,$ebookseller.
=700  1\$aMossy, Jean,$d-1792,$ebookseller.
=740  0\$aGuide du commerce de l'Amérique, principalement par le port de Marseille.
=752  \\$aNetherlands$dAmsterdam.
=752  \\$aFrance$dMarseille.
=926  \\$aMARS
=967  \\$ascs20170325
=968  \\$aRDA ENRICHED
=997  \\$a79252878
=998  \\$aLDR:04195cam#a2200625#a#4500
=998  \\$b008:040323r17831764ne#abf########001#0#fre#d

