=LDR  02970cam a2200481 a 4500
=001  9940614110001701
=005  20170402033752.0
=008  960423s1782\\\\fr\bf\\\\\\\\\000\0\fre\d
=035  \\$a(Aleph)006400342UMN01
=035  \\$aMB2457
=035  \\$a(OCoLC)156339221
=040  \\$aNz$edcrmb$beng$cNZAWM$dOCLCG$dOCLCQ$dMNU
=043  \\$ai------
=049  \\$aMNUA
=050  \4$aG490
=099  \9$a1782 Ke
=100  1\$aKerguelen-Trémarec, Yves-Joseph de,$d1734-1797
=245  10$aRelation de deux voyages dans les mers australes & des Indes, faits en 1771, 1772, 1773, 1774, ou, Extrait du journal de sa navigation pour la découverte des terres australes, & pour la vérification d'une nouvelle route proposée pour abréger d'environ huit cents lieues la traversée d'Europe à la Chine /$cpar M. de Kerguelen, commandant les vaisseaux du roi le Berrier, la Fortune, le Gros-Ventre, le Rolland, l'Oiseau & la Dauphine.
=246  30$aExtrait du journal de sa navigation pour la découverte des terres australes, & pour la vérification d'une nouvelle route proposée pour abréger d'environ huit cents lieues la traversée d'Europe à la Chine
=260  \\$aA Paris :$bChez Knapen & fils, Lib.-Imp. de la Cour des Aides, au bas du Pont S. Michel,$cMDCCLXXXII [1782]
=300  \\$aviij, 244 pages, 4 unnumbered pages, 1 unnumbered folded leaf of plates :$bmap ;$c21 cm (8vo)
=336  \\$atext$btxt$2rdacontent
=337  \\$aunmediated$bn$2rdamedia
=338  \\$asheet$bnb$2rdacarrier
=340  \\$m8vo$0http://rdaregistry.info/termList/bookFormat/1003
=500  \\$a"Nota: On trouvera à la suite de ce journal quelques lettres ou mémoires sur la Marine, & un état des services de M. de Kerguelen."
=500  \\$aSignatures: a⁴ A-P⁸ Q⁴.
=505  0\$aRelation des voyages de M. de Kerguelen, avec un extait de ses services -- Observations sur la guerre de l'Amérique, ou Lettre de M. de Kerguelen, & c -- Observations sur la disposition des vaisseaux pour la guerre -- Mémoire sur l'isle de Madagascar -- Observations sur la manière de faire guerre à l'Angleterre -- Réflexions sur la Marine -- Réflexions sur le Scorbut -- Signaux pour servir aux vaisseaux du roi.
=510  4\$aEcheverria & Wilkie. French image,$c782/42
=510  4\$aBrown, J.C. Cat., 1493-1800,$cIII: 2784
=600  10$aKerguelen-Trémarec, Yves-Joseph de,$d1734-1797
=610  10$aFrance.$bMarine.
=650  \0$aExplorers$zFrance.
=650  \0$aVoyages and travels$vEarly works to 1800.
=651  \0$aKerguelen Islands$xDiscovery and exploration$vEarly works to 1800.
=651  \0$aIslands of the Indian Ocean$xDiscovery and exploration$vEarly works to 1800.
=700  1\$aKnapen, Achille-Maximin-Philogone,$d1759-1800?,$ebookseller.
=926  \\$aMARS
=967  \\$ascs20170325
=968  \\$aRDA ENRICHED
=997  \\$a156339221
=998  \\$aLDR:03034cam#a2200457#a#4500
=998  \\$b008:960423s1782####fr#bf#########000#0#fre#d

