=LDR  02461cam a2200541 i 4500
=001  9954517770001701
=005  20170404041224.0
=008  731128s1784\\\\enkf\\\\\\\\\\000\0\eng\\
=010  \\$a   06017320 
=019  \\$a30656262$a42702757
=035  \\$a(Aleph)006592008UMN01
=035  \\$aMB1229
=035  \\$a(OCoLC)751404
=040  \\$aDLC$beng$erda$edcrmb$cDLC$dOCLCQ$dOCLCG$dKRTAS$dNNM$dGBVCP$dOCLCO$dMNU
=042  \\$apremarc
=043  \\$an-us---$ae-uk---
=049  \\$aMNUA
=050  00$aHF3025$b.S55
=082  04$a382.097$bS542o
=084  \\$a7,26$2ssgn
=099  \9$a1784 Sh
=100  1\$aSheffield, John Holroyd,$cEarl of,$d1735-1821.
=245  10$aObservations on the commerce of the American states /$cby John Lord Sheffield.
=250  \\$aA new edition, much enlarged, with an appendix containing tables of the imports and exports of Great Britain to and from all parts, also, the exports of America, &c. with remarks on those tables, and on the late proclamations, &c.
=264  \1$aLondon :$bPrinted for J. Debrett opposite Burlington House, Piccadilly,$cMDCCLXXXIV [1784]
=300  \\$a287 pages, 5 unnumbered pages (final leaf blank), 27 leaves of plates in various numberings (10 folded) ;$c22 cm (8vo)
=336  \\$atext$2rdacontent
=337  \\$aunmediated$2rdamedia
=338  \\$avolume$2rdacarrier
=340  \\$m8vo$0http://rdaregistry.info/termList/bookFormat/1003
=500  \\$aSignatures: [a]⁴ b⁴ B-2O⁴ chi².
=510  4\$aESTC$cT56387
=561  \\$aLC copy has inscription on verso of final blank leaf: "John Laird. London 13 March 1786".$5DLC
=651  \0$aUnited States$xCommerce$vEarly works to 1800.
=651  \0$aUnited States$xCommerce$zGreat Britain.
=651  \0$aGreat Britain$xCommerce$zUnited States.
=653  \0$aGreat Britain$aCommerce$aUnited States
=653  \0$aUnited States$aCommerce$aGreat Britain
=653  \0$aUnited States$aEarly works to 1800$aCommerce
=700  1\$aDebrett, John,$d-1822,$ebookseller.
=752  \\$aGreat Britain$bEngland$dLondon.
=776  08$iOnline version:$aSheffield, John Holroyd, Earl of, 1735-1821.$tObservations on the commerce of the American states.$bA new edition, much enlarged.$dLondon : Printed for J. Debrett ..., 1784$w(OCoLC)656832621
=926  \\$aMARS
=967  \\$ascs20170325
=968  \\$aRDA ENRICHED
=997  \\$a751404
=998  \\$aLDR:02378cam#a2200517#i#4500
=998  \\$b008:731128s1784####enkf##########000#0#eng##

