=LDR  02011nam a2200433 i 4500
=001  9954517920001701
=005  20170404040939.0
=008  130327s1784\\\\ie\\\\\\a\\\\\000\0\eng\d
=035  \\$a(Aleph)006591530UMN01
=035  \\$aMB4771
=035  \\$a(OCoLC)832792026
=040  \\$aMNU$beng$erda$edcrmb$cMNU
=043  \\$aa-ii---$ae-uk---
=049  \\$aMNUA
=050  \4$aHB151
=099  \9$a1784 Su
=245  02$aA summary view of the East-India Company of Great Britain :$bexhibiting a sketch of its origin, progress and constitution in abstracts from its charters, from proceedings in Parliament, and from other documents, briefly stated.
=264  \1$a[Ireland?] :$bpublisher not identified,$cMDCCLXXXIV [1784]
=264  \3$aDublin :$bprinted at W. Porter, No. 12, Skinner-Row.
=300  \\$a6 unnumbered pages, 58, 74, xiv pages ;$c21 cm (8vo)
=336  \\$atext$2rdacontent
=337  \\$aunmediated$2rdamedia
=338  \\$avolume$2rdacarrier
=340  \\$m8vo$0http://rdaregistry.info/termList/bookFormat/1003
=500  \\$aA manuscript note on the title page attributes authorship to Isaac Corry, a prominent Irish politician of the period.
=500  \\$a"Abstracts of charters or letters patents granted to the East India Company, from the year 1601 to the year 1758 ..."--Pages 1-74 and [i]-xiv (3rd and 4th groups) has special title page and separate pagination.
=500  \\$aSignatures: pi⁴ (-pi4) a-g⁴ h² A-L⁴.
=610  20$aEast India Company$xHistory.
=610  20$aEast India Company$vCharters.
=651  \0$aIndia$xCommerce$xHistory.
=700  1\$aCorry, Isaac,$d1755-1813,$eattributed name.
=700  1\$aPorter, William$c(Printer)$eprinter.
=740  02$aAbstracts of charters or letters patents granted to the East India Company, from the year 1601 to the year 1758.
=926  \\$aMARS
=967  \\$ascs20170325
=968  \\$aRDA ENRICHED
=997  \\$a832792026
=998  \\$aLDR:01934nam#a2200409#i#4500
=998  \\$b008:130327s1784####ie######a#####000#0#eng#d

