=LDR  02323cam a2200553 i 4500
=001  9954525810001701
=005  20170404041201.0
=008  901203s1784\\\\enk\\\\\\b\\\\000\0\eng\\
=010  \\$a   90222617 
=016  7\$a002690005$2Uk
=035  \\$a(Aleph)006591532UMN01
=035  \\$aMB4622
=035  \\$a(OCoLC)22954317
=040  \\$aDLC$beng$erda$edcrmb$cDLC$dKRTAS$dUKMGB$dOCLCO$dMNU
=043  \\$ae------$ae-dk---$ae-ur---$ae-sz---
=049  \\$aMNUA
=050  00$aD286$b.O27 1784
=082  00$a940$220
=099  \9$a1784 Obs
=245  00$aObservations on the present state of Denmark, Russia, and Switzerland :$bin a series of letters.
=246  18$aState of Denmark$5MnU
=264  \1$aLondon :$bPrinted for T. Cadell in the Strand,$cMDCCLXXXIV [1784]
=300  \\$aix, 7 unnumbered pages, 423 pages, 1 unnumbered pages ;$c22 cm (8vo)
=336  \\$atext$2rdacontent
=337  \\$aunmediated$2rdamedia
=338  \\$avolume$2rdacarrier
=340  \\$m8vo$0http://rdaregistry.info/termList/bookFormat/1003
=500  \\$aDedication signed and dated: The author, Gottingen, May 10, 1783.
=500  \\$aSignatures: A-2D⁸ 2E⁴.
=500  \\$aErrata: page [1] at end.
=500  \\$aLetters dated: May 20th, 1777-October 18, [1782]
=500  \\$aLC copy has 16 pages of advertisements bound in at end.$5DLC
=500  \\$aSource: Purchase, July 31, 1990.$5DLC
=504  \\$aIncludes bibliographical references.
=651  \0$aDenmark$xDescription and travel$vEarly works to 1800.
=651  \0$aRussia$xDescription and travel$vEarly works to 1800.
=651  \0$aSwitzerland$xDescription and travel$vEarly works to 1800.
=651  \0$aEurope$xEconomic conditions$vEarly works to 1800.
=700  1\$aCadell, T.$q(Thomas),$d1742-1802,$ebookseller.
=700  1\$aL'Olivette, G.O.,$eformer owner.$5MnU
=700  1\$aMansel-Pleydell, J. C.$q(John Clavell),$d1817-1902,$eformer owner.$5MnU
=752  \\$aGreat Britain$bEngland$dLondon.
=776  08$iOnline version:$tObservations on the present state of Denmark, Russia, and Switzerland.$dLondon : Printed for T. Cadell ..., 1784$w(OCoLC)653834260
=926  \\$aMARS
=967  \\$ascs20170325
=968  \\$aRDA ENRICHED
=997  \\$a22954317
=998  \\$aLDR:02235cam#a2200529#i#4500
=998  \\$b008:901203s1784####enk######b####000#0#eng##

