=LDR  03499nam a2200613 a 4500
=001  9954740490001701
=005  20170404043856.0
=008  110217s1770\\\\ne\abf\\\\\\\\001\0\fre\d
=035  \\$a(Aleph)005984146UMN01
=035  \\$aMB6553
=035  \\$a(OCoLC)703207849
=040  \\$aMnU$edcrmb$cMnU
=041  1\$afre$hrus
=043  \\$ae-ru---
=050  00$aDK771.K2$bK814 1770
=099  \9$a1770 Kr
=100  1\$6880-01$aKrasheninnikov, Stepan Petrovich,$d1713-1755.
=340  \\$m8vo$0http://rdaregistry.info/termList/bookFormat/1003
=880  1\$6100-01/$aКрашенинников, Степан Петрович,$d1713-1755.
=240  10$6880-02$aOpisanie zemli Kamchatki.$lFrench
=880  10$6240-02/$aОписание земли Камчатки.$lFrench
=245  10$aHistoire et description du Kamtchatka ... /$cpar Mr. Kracheninnikow, professeur de l'Académie des Sciences de S. Pétersbourg ; avec une carte détaillée de cette contrée, jusqi'ici presque inconnue, & des figures en taille-douce ; traduit du russe.
=246  3\$aHistoire et description du Kamchatka
=260  \\$aA Amsterdam :$bChez Marc Michel Rey,$cMDCCLXX [1770]
=300  \\$a2 volumes in 1 :$billustrations, map ;$c16 cm (8vo)
=336  \\$atext$btxt$2rdacontent
=337  \\$aunmediated$bn$2rdamedia
=338  \\$avolume$bnc$2rdacarrier
=500  \\$aPlates are signed B't De Bakker, P.I. von Schley, I. (J.) Koning.
=500  \\$aMap of Kamchatka by the Abbé Chappe d'Auteroche, P. Mol, sculps.
=500  \\$aPagination: volume 1: [2] leaves, 439 pages, VII leaves of plates, (6 folded); vol. 2: [2] leaves, 492, [1] pages, [2] folded leaves of plates.
=500  \\$aTitle vignettes.
=500  \\$aNot listed in Sopikov, V.S. Opyt rossīĭskoĭ bibliographical (Izd. 2).
=500  \\$a"I. Les moeurs & les coutumes des habitants du Kamtchatka. II. La géographie du Kamtchatka, & des pays circonvoisins. [volume 2] III. Les avantages & les desavantages du Kamtchatka. IV. La réduction du Kamtchatka par les russes, les révoltes arrivevés en différents temps, & l'état actuel des forts de la Russie dans ce pays."
=500  \\$aIndex, "Table alphabetique des matieres," followed by instructions to the binder on placing the plates, "Avis au relieur," at end of volume 2.
=505  0\$av. 1. I. Les mœurs & les coutumes des habitants du Kamtchatka. II. La géographie du Kamtchatka, & des pays circonvoisins.--v. 2. III. Les avantages & les desavantages du Kamtchatka. IV. La réduction du Kamtchatka par les Russes, les révoltes en différents temps, & l'état actuel des forts de la Russie dans ce pays.
=510  4\$aSabin$c38304
=651  \0$aKamchatka Peninsula (Russia)$xHistory$vEarly works to 1800.
=651  \0$aKamchatka Peninsula (Russia)$xDescription and travel$vEarly works to 1800.
=651  \0$aKuril Islands (Russia)$vEarly works to 1800.
=700  1\$aSaint-Pré, de,$etranslator.
=700  1\$aBakker, Barent de,$dactive 1762-1805.
=700  1\$aChappe d'Auteroche,$cabbé,$d1728-1769.
=700  1\$aKoning, Jacobus,$d1770-1832,$eetcher.
=700  1\$aSchley, Philippe van der,$eetcher.
=700  1\$aMol, P.,$eetcher.
=700  1\$aRey, Marc-Michel,$d1720-1780,$epublisher.
=710  2\$aCancellaria Martisburg.$5MnU
=926  \\$aMARS
=967  \\$ascs20170325
=968  \\$aRDA ENRICHED
=997  \\$a703207849
=998  \\$aLDR:03827nam#a2200589#a#4500
=998  \\$b008:110217s1770####ne#abf########001#0#fre#d

