=LDR  02030cam a2200493 a 4500
=001  9954755780001701
=005  20170404044335.0
=008  060714s1776\\\\it\\\\\\\b\\\\001\0\lat\\
=010  \\$a  2006576442$zunk82015025
=035  \\$a(Aleph)006113540UMN01
=035  \\$aMB5228
=035  \\$a(OCoLC)70669298
=040  \\$aDLC$edcrb$cDLC$dOCLCQ$dOCLCG$dMnU
=043  \\$an------$as------$ae-sp---
=050  00$aBX1401$b.M8 1776
=099  \9$a1776 Mu
=100  1\$aMuriel, Domingo,$d1718-1795.
=245  10$aFasti novi orbis et ordinationum apostolicarum ad Indias pertinentium breviarum cum adnotatonibus /$copera D. Cyriaci Morelli.
=260  \\$aVenetiis :$bProstat apud Antonium Zatta,$cMDCCLXXVI [1776]
=300  \\$aVIII, 642 pages, 2 unnumbered pages ;$c26 cm (4to)
=336  \\$atext$btxt$2rdacontent
=337  \\$aunmediated$bn$2rdamedia
=338  \\$avolume$bnc$2rdacarrier
=340  \\$m4to$0http://rdaregistry.info/termList/bookFormat/1002
=500  \\$a" ... a collection of all the orders, decrees, etc. given by the popes and by the kings of Spain, relative to the spiritual concerns of America, from its first discovery."--Sabin, quoted from Rich, Bibl. Amer. nova, I, 107.
=500  \\$a"Cyriacus Morelli" a pseudonym for Domingo Muriel, S.J. Cf. Backer-Sommervogel.
=500  \\$aSignatures: pi⁴ A-4G⁴ 4H⁶.
=500  \\$aTitle vignette; initials; head- and tail-pieces.
=500  \\$aErrata: page [643].
=504  \\$aIncludes bibliographical references and index.
=510  4\$aBacker-Sommervogel,$cV, column 1453, no. 2
=510  4\$aSabin,$c51445
=650  \0$aPapal documents.
=651  \0$aAmerica$xReligion.
=651  \0$aSpain$xPolitics and government$y1516-1700.
=700  1\$aZatta, Antonio,$dactive 1757-1797,$eprinter.
=752  \\$aItaly$dVenice.
=926  \\$aMARS
=967  \\$ascs20170325
=968  \\$aRDA ENRICHED
=997  \\$a70669298
=998  \\$aLDR:01947cam#a2200469#a#4500
=998  \\$b008:060714s1776####it#######b####001#0#lat##
=SID  \\$aZ39$bOCLC

