=LDR  02429cam a2200553 a 4500
=001  9954782840001701
=005  20170404044357.0
=008  760609m17761780ne\abcf\\b\\\\000\0\fre\\
=010  \\$a   05009218 
=035  \\$a(Aleph)006113643UMN01
=035  \\$aMB4548
=035  \\$a(OCoLC)2219429
=040  \\$aDLC$edcrmb$cPKT$dSER$dOCL$dOCLCQ$dOCLCG$dCLU$dKRTAS$dKIJ$dMnU
=041  1\$afre$hger
=043  \\$aar-----$aaw-----$aa-ir---
=050  04$aDS206$b.N63
=099  \9$a1776 Ni
=100  1\$aNiebuhr, Carsten,$d1733-1815.
=245  10$aVoyage en Arabie & en d'autres pays circonvoisins /$cpar C. Niebuhr ; traduit de l'allemand.
=260  \\$aÀ Amsterdam :$bChez S. J. Baalde :$aÀ Utrecht :$bChez J. van Schoonhoven & Comp.,$cMDCCLXXVI-MDCCLXXX [1776-1780]
=300  \\$a2 volumes :$billustrations, maps, portraits ;$c27 cm (4to)
=336  \\$atext$btxt$2rdacontent
=337  \\$aunmediated$bn$2rdamedia
=338  \\$avolume$bnc$2rdacarrier
=340  \\$m4to$0http://rdaregistry.info/termList/bookFormat/1002
=500  \\$aTitle vignette; initials; head- and tail-pieces.
=500  \\$aTranslated by F. L. Mourier.
=500  \\$aColophon: De l'imprimerie de Joh. Jos Besseling, à Utrecht, 1775 [-1779].
=500  \\$aVolume 2 has imprint: À Amsterdam : Chez S. J. Baalde; À Utrecht : Chez Barthelmy Wild.
=500  \\$aVolume 1: viii, [4], 409, [1] pages, 72, [1] leaves of plates (21 folded); volume 2: vi, [10], 389, [1] pages, 52 leaves of plates (16 folded).
=500  \\$aUnnumbered frontispiece plate in volume 1 is folded map with hand-colored routes shown.
=500  \\$aErrata: volume 2, page [10].
=504  \\$aIncludes bibliographical references.
=651  \0$aArabian Peninsula$xDescription and travel.
=651  \0$aMiddle East$xDescription and travel.
=651  \0$aIran$xAntiquities.
=700  1\$aMourier, F.L.$q(Ferdinand Louis),$dactive 1773,$etranslator.
=700  1\$aBaalde, Steven Jacobus,$dactive 1753-1782,$eprinter.
=700  1\$aWild, Bartholomé,$dactive 1780,$eprinter.
=700  1\$aBoueil, Raymond,$eformer owner.$5MnU
=700  1\$aLibrairie Fl. Tulkens,$ebookseller.$5MnU
=710  2\$aJ. van Schoonhoven & Comp.,$eprinter.
=926  \\$aMARS
=967  \\$ascs20170325
=968  \\$aRDA ENRICHED
=997  \\$a2219429
=998  \\$aLDR:02367cam#a2200529#a#4500
=998  \\$b008:760609m17761780ne#abcf##b####000#0#fre##
=SID  \\$aZ39$bOCLC

