=LDR  02204aam a2200493 a 4500
=001  9954790010001701
=005  20170404044411.0
=008  880315m17761780ne\abcf\\b\\\\000\0\dut\d
=035  \\$a(Aleph)006113658UMN01
=035  \\$aMB6327
=035  \\$a(OCoLC)17632017
=040  \\$aRQE$cRQE$dOCLCQ$dNLGGC$dOCLCG$dCUY$dMnU
=041  1\$adut$hger
=043  \\$aar-----$aaw-----$aa-ir---
=050  \4$aDS206$b.N54
=099  \9$a1776 Ni1
=100  1\$aNiebuhr, Carsten,$d1733-1815.
=245  10$aReize naar Arabië en andere omliggende landen /$cvan Carsten Niebuhr ; uit het hoogduitsch vertaald.
=260  \\$aTe Amsterdam :$bBy S. J. Baalde ;$aTe Utrecht :$bBy J. van Schoonhoven & comp.,$cMDCCLXXVI-MDCCLXXX [1776-1780]
=300  \\$a2 volumes :$billustrations, maps, portraits ;$c27 cm (4to)
=336  \\$atext$btxt$2rdacontent
=337  \\$aunmediated$bn$2rdamedia
=338  \\$avolume$bnc$2rdacarrier
=340  \\$m4to$0http://rdaregistry.info/termList/bookFormat/1002
=500  \\$aVolume 2 has imprint: Te Amsterdam : By S. J. Baalde; Te Utrecht : By Bartholomé Wild.
=500  \\$aColophon: volume 1: Ter boekdrukkerye van Joh. Jos. Besseling, te Utrecht; volume 2: Ter boekdrukkerije van Joannes Joseph Besseling, in Utrecht.
=500  \\$aTitle vignette; initials; head- and tail-pieces.
=500  \\$aVolume 1: viii, [6], 484, [2] pages, 72, [1] leaves of plates; volume 2: [16], 455, [1] pages, 52 leaves of plates.
=500  \\$aUnnumbered plate in volume 1 is folded map with hand-colored routes shown.
=500  \\$aErrata: volume 1, page [485] and volume 2, page [16].
=504  \\$aIncludes bibliographical references.
=651  \0$aArabian Peninsula$xDescription and travel.
=651  \0$aMiddle East$xDescription and travel.
=651  \0$aIran$xAntiquities.
=700  1\$aBaalde, Steven Jacobus,$dactive 1753-1782,$eprinter.
=700  1\$aWild, Bartholomé,$dactive 1780,$eprinter.
=710  2\$aJ. van Schoonhoven & Comp.,$eprinter.
=926  \\$aMARS
=967  \\$ascs20170325
=968  \\$aRDA ENRICHED
=997  \\$a17632017
=998  \\$aLDR:02124aam#a2200469#a#4500
=998  \\$b008:880315m17761780ne#abcf##b####000#0#dut#d
=SID  \\$aZ39$bOCLC

