=LDR  01322nam a2200373 a 4500
=001  9928094320001701
=005  20170331023638.0
=008  120314s1779\\\\ne\\\\\\\\\\\\000\0\dut\d
=035  \\$a(Aleph)006278181UMN01
=035  \\$aMB2075
=035  \\$a(OCoLC)780483949
=040  \\$aMnU$edcrmb$cMnU
=099  \9$a1779 fSo
=110  2\$aSocieteit van Suriname.
=245  10$aProject van inschryvinge, in een generaal fonds van beleningen op plantagien in de colonie Suriname.
=260  \\$aTe Amsterdam :$bBy Petrus Schouten, Boekverkooper, Drucker van d' Ed. Gr. Achtb. Heeren Directeuren van de Colonie Suriname,$c[1779]
=300  \\$a7 pages, 1 unnumbered page ;$c34 cm (folio)
=336  \\$atext$btxt$2rdacontent
=337  \\$aunmediated$bn$2rdamedia
=338  \\$avolume$bnc$2rdacarrier
=340  \\$mfolio$0http://rdaregistry.info/termList/bookFormat/1001
=500  \\$aCaption title.
=500  \\$aPublication information from colophon.
=500  \\$aSignatures: A-B²
=651  \0$aSuriname$xCommerce.
=651  \0$aNetherlands$xColonies.
=700  1\$aSchouten, Petrus.
=752  \\$aNetherlands$dAmsterdam.
=926  \\$aMARS
=967  \\$ascs20170325
=968  \\$aRDA ENRICHED
=997  \\$a780483949
=998  \\$aLDR:01222nam#a2200349#a#4500
=998  \\$b008:120314s1779####ne############000#0#dut#d

