=LDR  02243aam a2200445 a 4500
=001  9928098190001701
=005  20170331023636.0
=008  000324m17791780gw\bc\\\\b\\\\001\0\ger\d
=035  \\$a(Aleph)006278177UMN01
=035  \\$aMB6534
=035  \\$a(OCoLC)166610894
=040  \\$aE8W$edcrmb$beng$cE8W$dOCLCG$dOCLCQ$dMnU
=041  0\$ager$heng
=043  \\$an-us---
=099  \9$a1779 Ru
=100  1\$aRussell, William,$d1741-1793.
=240  14$aThe history of America, from its discovery by Columbus to the conclusion of the late war.$lGerman
=245  10$aGeschichte von Amerika von dessen entdeckung an bis auf das ende des vorigen krieges. :$bNebst einem anhange, welcher eine geschichte des ursprunges und des fortganges des gegenwärtigen unglücklichen streites zwischen Gross-Britannien und seinen colonien enthält /$cvon William Russel, esq. ; aus dem englischen übersetzt ... ; mit karten.
=260  \\$aLeipzig :$bIm Schwickertschen Verlage,$c1779-1780.
=300  \\$a4 volumes :$bportraits, folded maps ;$c20 cm (8vo)
=336  \\$atext$btxt$2rdacontent
=337  \\$aunmediated$bn$2rdamedia
=338  \\$avolume$bnc$2rdacarrier
=340  \\$m8vo$0http://rdaregistry.info/termList/bookFormat/1003
=500  \\$aCollation: volume 1: xiv, 782 pages, [2] leaves of plates (1 folded); volume 2.: [6] 752 pages, [2] leaves of plates (1 folded); volume 3: [2], 660 pages, [2] leaves of plates (1 folded); volume 4: [4], 480, [34] pages, [2] leaves of plates (1 folded).
=500  \\$aMap in volume 3 is hand colored.$5MnU
=500  \\$aSignatures: volume 1: pi⁸ (-pi8) A-3B⁸ 3C⁸ (-3C8) ; volume 2: pi⁴ (-pi4) A-3A⁸ ; volume 3: pi² (-pi2) A-2R⁸ 2S⁶ 2T⁴ ; volume 4: pi² A-2H⁸ I⁶ K⁴ (-K4).
=504  \\$aIncludes bibliographical references and index.
=510  4\$aSabin$c74384
=651  \0$aUnited States$xHistory$yRevolution, 1775-1783.
=651  \0$aAmerica$xHistory.
=651  \0$aAmerica$vMaps$y18th century.
=700  1\$aWahnschaffe, Max,$eformer owner.$5MnU
=926  \\$aMARS
=967  \\$ascs20170325
=968  \\$aRDA ENRICHED
=997  \\$a166610894
=998  \\$aLDR:02224aam#a2200421#a#4500
=998  \\$b008:000324m17791780gw#bc####b####001#0#ger#d
=999  \\$aZ39$bOCLC

