=LDR  01849nam a2200469 a 4500
=001  9928098790001701
=005  20170331023713.0
=008  120314m17791780dk\\\\\\\\\\\\000\0\dan\d
=035  \\$a(Aleph)006278125UMN01
=035  \\$aMB6439
=035  \\$a(OCoLC)29608917
=040  \\$aMnU$edcrmb$cMnU
=041  1\$adan$heng
=050  \4$aHB151$b.M35 1779
=099  \9$a1779 Sm
=100  1\$aSmith, Adam,$d1723-1790
=240  10$aInquiry into the nature and causes of the wealth of nations.$lDanish
=245  10$aUndersøgelse om national-velstands natur og aarsag /$caf Adam Smith ; af det engelske oversat og med nogle anmaerkninger oplyst af F. Draebye.
=260  \\$aKiøbenhavn :$bTrykt paa Gyldendals Forlag,$c1779-1780.
=300  \\$a2 volumes ;$c20 cm (8vo)
=336  \\$atext$btxt$2rdacontent
=337  \\$aunmediated$bn$2rdamedia
=338  \\$avolume$bnc$2rdacarrier
=340  \\$m8vo$0http://rdaregistry.info/termList/bookFormat/1003
=500  \\$a"Gouverneur Pownalls brev til Doctor Adam Schmith."--volume 2, pages 683-775.
=500  \\$aTranslation of: Inquiry into the nature and causes of the wealth of nations.
=500  \\$aFraktur.
=500  \\$aHead- and tail-pieces.
=500  \\$aCollation: volume 1: [12], 575 pages; volume 2: [8], 775, [3] pages.
=500  \\$aSignatures: volume 1: [star]⁶ A-2N⁸ ; volume 2: [star]⁴ A-3B⁸ 3C⁶.
=500  \\$aErrata for both volumes: volumes 2, 3 unnumbered pages at end.
=510  4\$aKress$c2:B233
=650  \0$aEconomics.
=700  1\$aPownall, Thomas,$d1722-1805.
=700  1\$aDraebye, F.,$etranslator.
=710  2\$aClassenske Bogsamling,$eformer owner.$5MnU
=926  \\$aMARS
=967  \\$ascs20170325
=968  \\$aRDA ENRICHED
=997  \\$a29608917
=998  \\$aLDR:01777nam#a2200445#a#4500
=998  \\$b008:120314m17791780dk############000#0#dan#d

