=LDR  01970aam a2200505 a 4500
=001  9928393770001701
=005  20170331025337.0
=008  861222s1776\\\\enk\\\\\\\\\\\000\0\eng\\
=010  \\$a   06034514 
=035  \\$a(Aleph)006250058UMN01
=035  \\$aMB1635
=035  \\$a(OCoLC)15001663
=040  \\$aDLC$edcrmb$beng$cCLU$dDLC$dOCLCQ$dOCLCG$dOCLCQ$dMnU
=043  \\$at------$apo-----
=050  00$aG420.C68$bS4
=099  \9$a1776 fSe
=245  02$aA second voyage round the world, in the years MDCCLXXII, LXXIII, LXXIV, LXXV /$cby James Cook, Esq., commander of His Majesty's bark the Resolution ; ndertaken by order of the King, and encouraged by a Parliamentary grant of four thousand pounds ; drawn up from authentic papers.
=260  \\$aLondon :$bPrinted for the editor :$bSold by J. Almon, opposite Burlington-House, Piccadilly, and Fletcher & Hodson, Cambridge,$cMDCCLXXVI [1776]
=300  \\$a[3]-102 pages, 1 leaf ;$c32 cm (4to)
=336  \\$atext$btxt$2rdacontent
=337  \\$aunmediated$bn$2rdamedia
=338  \\$avolume$bnc$2rdacarrier
=340  \\$m4to$0http://rdaregistry.info/termList/bookFormat/1002
=500  \\$aAn apocryphal account.
=500  \\$aFirst issue.
=500  \\$aSignatures: [A]² B-C⁴ D-2B²
=500  \\$aErrata leaf at end.
=510  4\$aStreeter Americana$c2409
=510  4\$aSabin$c4:16246
=600  10$aCook, James,$d1728-1779$xTravel.
=610  20$aResolution (Ship)
=650  \0$aVoyages around the world$vEarly works to 1800.
=651  \0$aOceania$xDescription and travel.
=651  \0$aAntarctica.
=700  1\$aCook, James,$d1728-1779
=700  1\$aAlmon, John,$d1737-1805,$ebookseller.
=710  2\$aFletcher and Hodson,$ebookseller.
=752  \\$aEngland$dLondon.
=926  \\$aMARS
=967  \\$ascs20170325
=968  \\$aRDA ENRICHED
=997  \\$a15001663
=998  \\$aLDR:01878aam#a2200481#a#4500
=998  \\$b008:861222s1776####enk###########000#0#eng##
=999  \\$aZ39$bOCLC

