=LDR  02351nam a2200553 i 4500
=001  9962961630001701
=005  20180308172152.0
=008  780608s1798\\\\sw\\\\\\\\\\\\000\0dswe\d
=010  \\$a   02009082 
=035  \\$a(Aleph)000464749UMN01
=035  \\$a(MnU)notisANL0301
=035  \\$a(OCoLC)3958490
=035  \\$aMB4592
=040  \\$aDLC$beng$erda$edcrmb$cZIH$dZIH$dm.c.$dMnU
=041  1\$aswe$hger$heng
=043  \\$an-cn---
=050  \0$aF1060.7$b.H49
=099  \9$a1798 He1
=100  1\$aHearne, Samuel,$d1745-1792,$eauthor.
=240  10$aJourney from Prince of Wales's fort in Hudson's Bay to the Northern Ocean.$lSwedish
=245  10$aSamuel Hearnes Resa til Norra Americas ishaf :$bsamt, En obekant engelsmans resor bland Canadas wildar, utgifne af Le Long : jämte Edvard Umfrevilles Beskrifning om Hudsons Baye och dess tilgränsande wildar.
=264  \1$aStockholm :$bTryckt i Kongl. Ordens-Boktryckeriet, hos Assessoren Johan Pfeiffer,$c1798.
=300  \\$a[6], 202, [4], 208 pages ;$c21 cm (8vo)
=336  \\$atext$btxt$2rdacontent
=337  \\$aunmediated$bn$2rdamedia
=338  \\$avolume$bnc$2rdacarrier
=340  \\$m8vo$0http://rdaregistry.info/termList/bookFormat/1003
=500  \\$aThe first title is translated by Samuel Ödmann from M.C. Sprengel's German translation of A journey from Prince of Wales's fort in Hudson's Bay to the Northern Ocean.
=500  \\$aThe Umfreville title is not included in this volume.
=500  \\$aFöretal by Samuel Ödmann.
=500  \\$aFraktur.
=500  \\$aSignatures: pi⁴ (-pi4) A-M⁸ N⁶; pi² (-pi2) A-N⁸.
=500  \\$aErrata: pages [203]-[204] at end of first work.
=500  \\$aHead- and tail-pieces.
=650  \0$aIndians of North America$zNorthwest, Canadian$vEarly works to 1800.
=651  \0$aNorthwest, Canadian$xDescription and travel$vEarly works to 1800.
=651  \0$aNorthwest Passage$vEarly works to 1800.
=700  1\$aÖdmann, Samuel,$d1750-1829,$etranslator.
=740  0\$aResa til Norra Americas ishaf.
=740  02$aBland Canadas wildar.
=913  \\$avb16
=926  \\$aMARS
=945  \\$aCAT$b1993-08-24$ncla1
=967  \\$ascs20170325
=968  \\$aRDA ENRICHED
=997  \\$a3958490
=998  \\$aLDR:01876nam#a2200445#i#4500
=998  \\$b008:780608s1798####sw############000#0dswe#d
=999  99$aANL0301$bUL

