=LDR  01358cam a2200385 a 4500
=001  9963222030001701
=005  20170406043348.0
=008  760317s1775\\\\nyu\\\\\\\\\\\000\0\eng\d
=035  \\$a(Aleph)006069075UMN01
=035  \\$aMB6425
=035  \\$a(OCoLC)2055517
=040  \\$aFHM$edcrmb$cFHM$dOCLCQ$dLVB$dOCLCG$dMnU
=043  \\$an-us---
=050  \4$aE211$b.G15
=099  \9$a1775 Ga
=100  1\$aGalloway, Joseph,$d1731-1803.
=245  12$aA candid examination of the mutual claims of Great-Britain, and the Colonies :$bwith a plan of accommodation on constitutional principles.
=260  \\$aNew-York :$bPrinted by James Rivington,$cMDCCLXXV [1775]
=300  \\$a2 unnumbered pages, 62 page ;$c20 cm (8vo)
=336  \\$atext$btxt$2rdacontent
=337  \\$aunmediated$bn$2rdamedia
=338  \\$avolume$bnc$2rdacarrier
=340  \\$m8vo$0http://rdaregistry.info/termList/bookFormat/1003
=500  \\$aErrata: title page verso.
=510  4\$aSabin$c26422
=651  \0$aUnited States$xPolitics and government$y1775-1783.
=651  \0$aGreat Britain$xColonies$zAmerica.
=700  1\$aRivington, James,$d1724-1802,$eprinter.
=926  \\$aMARS
=967  \\$ascs20170325
=968  \\$aRDA ENRICHED
=997  \\$a2055517
=998  \\$aLDR:01260cam#a2200361#a#4500
=998  \\$b008:760317s1775####nyu###########000#0#eng#d
=SID  \\$aZ39$bOCLC

