=LDR  02062aam a2200493 a 4500
=001  9963229650001701
=005  20170406043331.0
=008  990324s1775\\\\gw\b\\\\\\\\\\000\0\ger\d
=035  \\$a(Aleph)006069071UMN01
=035  \\$aMB2062
=035  \\$a(OCoLC)41027306
=040  \\$aNYP$edcrmb$cNYP$dOCL$dOCLCG$dUBY$dMnU
=041  1\$ager$heng
=043  \\$as-ag---$as-cl---$alsfk---
=050  \4$aF2936
=099  \9$a1775 Fa
=100  1\$aFalkner, Thomas,$d1707-1784.
=240  12$aA description of Patagonia and the adjoining parts of South America.$lGerman
=245  10$aBeschreibung von Patagonien und den angrenzenden Theilen von Südamerika /$caus dem Englischen des Herrn Thomas Falkner ; nebst einer neuen Karte der südlichen Theile von Amerika.
=260  \\$aGotha :$bBey Carl Wilhelm Ettinger,$c1775.
=300  \\$a[39]-181 pages, 1 folded leaf :$bmap ;$c21 cm (8vo)
=336  \\$atext$btxt$2rdacontent
=337  \\$aunmediated$bn$2rdamedia
=338  \\$avolume$bnc$2rdacarrier
=340  \\$m8vo$0http://rdaregistry.info/termList/bookFormat/1003
=500  \\$aTranslated by S.H. Ewald.
=500  \\$aMap: "aus dem von Thomas Kitchin," opens to 51 x 54 cm.
=500  \\$aTitle page vignette, head- and tail-pieces.
=500  \\$aErrata: pages [183-184].
=500  \\$a"Nachricht von der Sprache dieser Landeseinwohner [Moluchen]," pages 163-177; Wörterverzeichnis, pages 179-181.
=510  4\$aSabin$c23736
=650  \0$aIndians of South America$zPatagonia (Argentine and Chile)$vEarly works to 1800.
=650  \0$aMoluche dialect.
=651  \0$aPatagonia (Argentina and Chile)$xDescription and travel$vEarly works to 1800.
=700  1\$aEwald, Schack Hermann,$d1745-1824,$etranslator.
=700  1\$aKitchin, Thomas,$d1718-1784,$eengraver.
=700  1\$aEttinger, Carl Wilhelm,$d1742-1804,$eprinter.
=926  \\$aMARS
=967  \\$ascs20170325
=968  \\$aRDA ENRICHED
=997  \\$a41027306
=998  \\$aLDR:01988aam#a2200469#a#4500
=998  \\$b008:990324s1775####gw#b##########000#0#ger#d
=SID  \\$aZ39$bOCLC

