=LDR  01736cam a2200445 a 4500
=001  9948672540001701
=005  20170403045937.0
=008  750903s1770\\\\enkbef\\\\\\\\000\0\eng\\
=010  \\$a   03016109 
=035  \\$a(Aleph)005987790UMN01
=035  \\$aMB7
=035  \\$a(OCoLC)1594541
=040  \\$aDLC$cFUG$dDLC$dOCLCQ$dMnU$edcrmb
=043  \\$an-usm--
=050  00$aF352$b.P68
=099  \9$a1770 Pi
=100  1\$aPittman, Philip,$dactive 1760-1770.
=245  14$aThe present state of the European settlements on the Mississippi :$bwith a geographical description of that river, illustrated by plasn and draughts /$cby Captain Philip Pittman.
=260  \\$aLondon :$bPrinted for J. Nourse, bookseller to His Majesty,$cMDCCLXX [1770]
=300  \\$aviii, 99 pages, 8 unnumbered leaves of plates (7 folded) :$bmaps, plans ;$c27 cm (4to)
=336  \\$atext$btxt$2rdacontent
=337  \\$aunmediated$bn$2rdamedia
=338  \\$avolume$bnc$2rdacarrier
=340  \\$m4to$0http://rdaregistry.info/termList/bookFormat/1002
=500  \\$aHalf title.
=500  \\$aThos. Kitchin, sculpsit.
=510  4\$aSabin$c63103
=651  \0$aMississippi River Valley$xDescription and travel$vEarly works to 1800.
=651  \0$aMississippi River$xMaps$vEarly works to 1800.
=700  1\$aKitchin, Thomas,$d1718-1784,$eengraver.
=700  1\$aNourse, J.$q(John),$d-1780,$ebookseller.
=700  1\$aWebber, C. C.$q(Charles C.),$d1859-1944,$eformer owner.$5MnU
=710  2\$aFrancis Edwards (Firm)$ebookseller.$5MnU
=926  \\$aMARS
=967  \\$ascs20170325
=968  \\$aRDA ENRICHED
=997  \\$a1594541
=998  \\$aLDR:01639cam#a2200421#a#4500
=998  \\$b008:750903s1770####enkbef########000#0#eng##
=SID  \\$aZ39$bOCLC

