=LDR  01765nam a22004691  4500
=001  9948870840001701
=005  20170403050857.0
=008  860213s1739\\\\fr\a\\\\\b\\\\000\0\fre\u
=010  \\$a   86118044 
=035  \\$a(Aleph)000989224UMN01
=035  \\$a(MnU)notisAJA7793
=035  \\$aBELLTRANSFER0581
=035  \\$a(OCoLC)13823899
=039  0\$a2$b3$c3$d3$e3
=040  \\$aMnU$beng$cCaOTULAS$dMnU
=043  \\$af-et---$aaw-----
=050  00$aBX142$b.L32 1739
=100  1\$aLa Croze, Maturin Veyssière,$d1661-1739.
=245  10$aHistoire du christianisme d'Ethiopie et d'Armenie /$cpar monsieur Maturin Veyssiere La Croze.
=260  \\$aA la Haie :$bChez la veuve Le Vier, & Pierre Paupie,$c1739.
=300  \\$a16 unnumbered pages, 402 pages :$b1 illustration (engraving) ;$c16 cm (8vo)
=336  \\$atext$btxt$2rdacontent
=337  \\$aunmediated$bn$2rdamedia
=338  \\$avolume$bnc$2rdacarrier
=340  \\$m8vo$0http://rdaregistry.info/termList/bookFormat/1003
=500  \\$aAdded engraved title page, illustrated.
=500  \\$aIncludes bibliographical references.
=610  20$aYaʼItoṗyā ʼortodoks tawāḥedo béta kerestiyān$xHistory$xEarly works to 1800.
=610  20$aCatholic Church$xMissions$zEthiopia$xEarly works to 1800.
=610  20$aCatholic Church$xMissions$zArmenia$xEarly worrks to 1800.
=610  20$aArmenian Church$xHistory.
=650  \0$aMonophysites$xHistory.
=651  \0$aEthiopia$xChurch history.
=651  \0$aArmenia$xChurch history.
=926  \\$aMARS
=945  \\$aCAT$b1989-05-06$nbao2
=967  \\$ascs20170325
=968  \\$aRDA ENRICHED
=997  \\$a13823899
=998  \\$aLDR:01721nam#a22004451##4500
=998  \\$b008:860213s1739####fr#a#####b####000#0#fre#u
=999  99$aAJA7793$bUL

