=LDR  03441nam a2200553 a 4500
=001  9949074900001701
=005  20170403051919.0
=008  100602s1770\\\\enkabf\\\bi\\\000\0\eng\d
=035  \\$a(Aleph)005686275UMN01
=035  \\$aMB4277
=035  \\$aMB4278
=035  \\$aMB4279
=035  \\$aMB4280
=035  \\$a(OCoLC)54328064
=040  \\$aMnU$cMnU$edcrmb
=041  1\$aeng$hspa
=043  \\$ap------$apobp---$aa-nw---
=050  \4$aAC4
=099  \9$a1770 Da
=100  1\$aDalrymple, Alexander,$d1737-1808.
=245  13$aAn historical collection of the several voyages and discoveries in the South Pacific Ocean :$bVol. I. Being chiefly a literal translation from the Spanish writers /$cby Alexander Dalrymple, Esq.
=246  3\$aHistorical collection of the several voyages and discoveries in the South Pacific Ocean.$fVol.1.
=260  \\$aLondon :$bPrinted for the author and sold by J. Nourse, Bookseller in Ordinary to His Majesty, T. Payne, at the Mews-gate, and P. Elmsley, opposite Southampton-street, Strand,$cMDCCLXX [1770]
=300  \\$axxx, 2 unnumbered pages, 24, 24, 204 pages, 4 unnumbered pages, 4 unnumbered leaves of plates (3 folded) :$billustrations, folded maps ;$c28 cm (4to)
=336  \\$atext$btxt$2rdacontent
=337  \\$aunmediated$bn$2rdamedia
=338  \\$avolume$bnc$2rdacarrier
=340  \\$m4to$0http://rdaregistry.info/termList/bookFormat/1002
=500  \\$aA reissue of the 1769 edition, substituting a new preliminary signature (half-title, advertisement, title, dedication, and part preface).
=500  \\$aThe last four unnumbered pages contain errata.
=500  \\$aIndex to both volumes at the end of volume II.
=501  \\$aWith this is bound: Volume II, containing the Dutch voyages. 1771.$5MnU.
=504  \\$aIncludes bibliographical references.
=505  00$tAccount of some natural curiosities at Sooloo --$tAn inquiry into the formation of islands --$tData on which the chart of the South Sea was formed --$tOf the Salomon Islands --$tMagalhanes's voyage --$tFerdinand Grijalva and Alvarado's voyage --$tThe Spanish discoveries before MDXCV --$tJuan Fernandez' voyage --$tIslands of Fontacias --$tAdelentado Alvaro Mendana de Neyra's voyage --$tTheodore Gerards --$tPedro Fernandez de Quiros' voyage --$tMemorial presented to Philip II of Spain, published at Seville and inserted in Purchas, vol. IV, p. 1427 --$tRelation of a memorial presented by Captain Pedro Fernandez de Quiros to His Majesty about the settling and discovery of the fourth part of the world, Australia Incognita, its great riches and fertility ... --$tAdditions and elucidations from Figueroa to the voyage of Alvaro Mendana de Neyra, 1595.
=510  4\$aSabin,$c18338.
=510  4\$aEnglish Short Title Catalog,$cESTCT74963.
=650  \0$aVoyages and travels$vEarly works to 1800.
=651  \0$aSolomon Islands$xDiscovery and exploration$vEarly works to 1800.
=651  \0$aNew Guinea$xDiscovery and exploration$vEarly works to 1800.
=651  \0$aPacific Ocean$xDiscovery and exploration$vEarly works to 1800.
=700  1\$aNourse, J.$q(John),$d-1780,$ebookseller.
=700  1\$aPayne, Thomas,$d1752-1831,$ebookseller.
=700  1\$aElmsley, Peter,$d1734 or 1735-1802,$ebookseller.
=926  \\$aMARS
=967  \\$ascs20170325
=968  \\$aRDA ENRICHED
=997  \\$a54328064
=998  \\$aLDR:03351nam#a2200529#a#4500
=998  \\$b008:100602s1770####enkabf###bi###000#0#eng#d

