=LDR  02353pam a2200445 a 4500
=001  9949174970001701
=005  20170403052514.0
=008  890808s1569\\\\sp\a\\\\\\\\\\000\0\spa\d
=035  \\$a(Aleph)004644302UMN01
=035  \\$a(OCoLC)20140135
=040  \\$aRQL$cRQL$dMnU$edcrb
=050  \4$aBV2245$b.H54 1569
=100  1\$aHiguera, Jerónimo Román de la,$d1538-1611.
=245  10$aChronica de la orden de los ermitaños del glorioso padre Sancto Augustin, diuidida en doze cẽturias /$ccompuesta por fray Hieronymo Román.
=260  \\$aSalamanca :$bEn casa de Ioan Baptista de Terra noua,$c1569.
=300  \\$a40 unnumbered pages, 157 leaves, 2 unnumbered pages :$billustrations ;$c28 cm (folio)
=336  \\$atext$btxt$2rdacontent
=337  \\$aunmediated$bn$2rdamedia
=338  \\$avolume$bnc$2rdacarrier
=340  \\$mfolio$0http://rdaregistry.info/termList/bookFormat/1001
=500  \\$aLeaves 20-22, 102, 111, 130 misnumbered.
=500  \\$aDedicated to Don Fray Joan de Muñatones, Archbishop of Segorue.
=500  \\$aSignatures: *⁶ **⁶ [dagger]⁸ A-T⁸ V⁶
=520  \\$aAn outline of Augustinian's mission history illuminates the order's role in the colonization of Mexico and Peru. The history lists the first six Augustinians in Mexico and the monastic houses they founded. The author also relates Augustinians colonization in Peru as the they followed the Dominicans and other missionaries. A brief biography of Fray Alonso de la Vera Cruz is included. With a list of all Augustinian monasteries in both the old and new worlds.
=600  00$aAlonso de la Vera Cruz,$cfray,$dapproximately 1507-1584.
=610  20$aAugustinians$xMissions$zMexico$xHistory$y16th century$vEarly works to 1800.
=610  20$aAugustinians$xMissions$zPeru$xHistory$y16th century$vEarly works to 1800.
=610  20$aAugustinians$xHistory$vSources.
=650  \0$aAztecs$xMissions$vEarly works to 1800.
=650  \0$aIncas$xMissions$vEarly works to 1800.
=650  \0$aMissions, Spanish$zMexico$vEarly works to 1800.
=650  \0$aMissions, Spanish$zPeru$vEarly works to 1800.
=752  \\$aSpain$dSalamanca
=926  \\$aMARS
=967  \\$ascs20170325
=968  \\$aRDA ENRICHED
=997  \\$a20140135
=998  \\$aLDR:02314pam#a2200421#a#4500
=998  \\$b008:890808s1569####sp#a##########000#0#spa#d
=SID  \\$aZ39$bOCLC

