=LDR  02286cam a2200553 a 4500
=001  9975615007101701
=005  20180724141902.0
=008  760323s1787\\\\fr\bf\\\\\\\\\000\0\fre\\
=010  \\$a   01027521 
=016  7\$a002104257$2Uk
=029  1\$aAU@$b000003783329
=029  1\$aAU@$b000026470653
=029  1\$aGEBAY$b1003757
=035  \\$aMB5981
=035  \\$a(OCoLC)2063176
=040  \\$aDLC$beng$edcrmb$cDLC$dMUB$dSER$dB2Q$dKRTAS$dOCLCO$dUKMGB$dOCLCF$dOCLCQ$dNTE$dOCL$dOCLCA$dMNU
=043  \\$ae-uk---$an-us---
=049  \\$aMNUA
=050  00$aE208$b.L42
=082  \4$a973.3
=099  \9$a1787 Le
=100  1\$aLeboucher, Odet-Julien,$d1744-1826,$eauthor.
=245  10$aHistoire de la derniere guerre entre la Grande-Bretagne et les États-Unis de l'Amérique, la France, l'Espagne et la Hollande :$bdepuis son commencement en 1775, jusqu'a sa fin en 1783 : ornée de cartes géographiques & marines.
=264  \1$aA Paris :$bChez Brocas, Libraire, rue Saint-Jacques, au Chef Saint-Jean,$cMDCCLXXXVII. [1787]
=300  \\$axxxiv, [2], 357, [3] p., [9] folded leaves of plates :$b7 maps (engravings) ;$c26 cm (4to)
=336  \\$atext$btxt$2rdacontent
=337  \\$aunmediated$bn$2rdamedia
=338  \\$avolume$bnc$2rdacarrier
=340  \\$m4to$0http://rdaregistry.info/termList/bookFormat/1002
=500  \\$aTitle vignette.
=500  \\$aTwo of the plates are tables.
=500  \\$aSignatures: a-d⁴ e² A-2Y⁴.
=500  \\$aErrata, p. [3] of fourth grouping.
=500  \\$aIncludes printed marginalia.
=510  4\$aSowerby, E.M. Cat. of the lib. of Thomas Jefferson,$c483
=651  \0$aUnited States$xHistory$yRevolution, 1775-1783.
=651  \0$aGreat Britain$xHistory$y1760-1789.
=651  \6$aÉtats-Unis$xHistoire$y1775-1783 (Révolution)$xOuvrages avant 1800.
=611  27$aAmerican Revolution (1775-1783)$2fast$0(OCoLC)fst01351668
=651  \7$aGreat Britain$2fast$0(OCoLC)fst01204623
=648  \7$a1760-1789$2fast
=655  \7$aHistory.$2fast$0(OCoLC)fst01411628
=700  1\$aBrocas, Paul-Denis,$ebookseller.
=752  \\$aFrance$dParis.
=909  \\$acat$bMNU$c2017-12-04$dm-mccl
=913  \\$avb16
=997  \\$a2063176
=998  \\$aLDR:02208cam#a2200517#a#4500
=998  \\$b008:760323s1787####fr#bf#########000#0#fre##

