=LDR  02112cam a2200457Ii 4500
=001  9975615098001701
=005  20180724141843.0
=008  780614s1787\\\\sp\b\\\\\\\\\\000\0\spa\\
=010  \\$a   01023452 
=029  1\$aAU@$b000027024660
=035  \\$aMB4889
=035  \\$a(OCoLC)3972845
=040  \\$aDLC$beng$erda$edcrmb$cYSM$dYSM$dSER$dDIBAM$dOCLCQ$dOCLCG$dCLU$dOCLCA$dOCLCF$dOCLCQ$dOCLCO$dMNU
=043  \\$as-ck---
=049  \\$aMNUA
=050  04$aF2281.S24$bJ9 1787
=099  \9$a1787 Ju
=100  1\$aJulián, Antonio,$d1722-$eauthor.
=245  13$aLa perla de la America :$bprovincia de Santa Marta, reconocida, observada y expuesta en discursos historicos /$cpor el sacerdote don Antonio Julian, á mayor bien de la Católica monarquia, fomento del comercio de España, y de todo el Nuevo Reyno de Granada, é incremento de la Christiana religion entre les naciones barbaras, que subsisten todavia rebeldes en la provincia.
=246  3\$aSanta Marta
=264  \1$aMadrid :$bpor don Antonio de Sancha,$cMDCCLXXXVII [1787].
=300  \\$a1 preliminary leaf, xxx, 280 pages, 1 folded leaf :$bfolded map ;$c21 cm (4to)
=336  \\$atext$btxt$2rdacontent
=337  \\$aunmediated$bn$2rdamedia
=338  \\$avolume$bnc$2rdacarrier
=340  \\$m4to$0http://rdaregistry.info/termList/bookFormat/1002
=500  \\$aSignatures: a-d⁴ A-2M⁴
=500  \\$aPrinter's device on title page.
=651  \0$aMagdalena (Colombia : Department)$xDescription and travel$vEarly works to 1800.
=650  \0$aIndians of South America$zColombia$vEarly works to 1800.
=650  \7$aIndians of South America.$2fast$0(OCoLC)fst00969962
=650  \7$aTravel$2fast$0(OCoLC)fst01155558
=651  \7$aColombia$2fast$0(OCoLC)fst01205916
=651  \7$aColombia$zMagdalena (Department)$2fast$0(OCoLC)fst01714132
=650  \7$aINDIOS DE COLOMBIA.$2renib
=651  \7$aMAGDALENA (Colombia)$xDESCRIPCIONES Y VIAJES.$2renib
=909  \\$acat$bMNU$c2017-12-04$dm-mccl
=913  \\$avb16
=997  \\$a3972845
=998  \\$aLDR:02029cam#a2200421Ii#4500
=998  \\$b008:780614s1787####sp#b##########000#0#spa##

