=LDR  01640nam a2200385Ii 4500
=001  9975616604201701
=005  20180724141856.0
=008  171206s1787\\\\sw\af\\\\b\\\\001\0\swe\d
=035  \\$aMB6329
=035  \\$a(OCoLC)1014029380
=040  \\$aMNU$beng$erda$edcrmb$cMNU
=043  \\$aar-----$aaw-----
=049  \\$aMNUA
=099  \9$a1787 Ni
=100  1\$aÖdmann, Samuel,$d1750-1829,$eauthor,$etranslator.
=245  10$aSammandrag af justitiæ-rådets Herr Casten [sic] Niebuhrs resa i Levanten och beskrifning om Arabien /$caf Samuel Ödmann.
=246  3\$aSammandrag af justitiæ-rådets Herr Carsten Niebuhrs resa i Levanten och beskrifning om Arabien
=264  \0$aStockholm :$bTryckt uti Kongl. Ordens-Tryckeriet,$c1787.
=300  \\$a[23], 455, [22] pages, [4] leaves of plates :$billustrations ;$c18 cm (8vo)
=336  \\$atext$btxt$2rdacontent
=337  \\$aunmediated$bn$2rdamedia
=338  \\$avolume$bnc$2rdacarrier
=340  \\$m8vo$0http://rdaregistry.info/termList/bookFormat/1003
=500  \\$aFraktur.
=500  \\$aPlates signed:  I: Spornberg, Sc 1787.
=500  \\$aErrata follows text.
=504  \\$aIncludes bibliographical references and index.
=600  10$aNiebuhr, Carsten,$d1733-1815.$tReisebeschreibung nach Arabien und andern umliegenden Ländern.
=651  \0$aArabian Peninsula$xDescription and travel$vEarly works to 1800.
=651  \0$aMiddle East$xDescription and travel$vEarly works to 1800.
=909  \\$acat$bMNU$c2017-12-06$dm-mccl$eori
=913  \\$avb16
=997  \\$a1014029380
=998  \\$aLDR:01539nam#a2200349Ii#4500
=998  \\$b008:171206s1787####sw#af####b####001#0#swe#d

