=LDR  01212nam a2200337Ii 4500
=001  9975616606801701
=005  20180724141903.0
=008  171206s1787\\\\ne\\\\\\\\\\\\000\0\fre\d
=035  \\$aMB2530
=035  \\$a(OCoLC)1014025715
=040  \\$aMNU$beng$erda$edcrmb$cMNU
=043  \\$ae-fr---
=049  \\$aMNUA
=099  \9$a1787 Nec
=245  00$aNécessiteé absolue de l'union de la liberté avec la bonne foi dans le commerce.
=264  \1$aA Amsterdam, et se trouve à Paris :$bChez Desenne, Libraire au Palais-Royal,$cMDCCLXXXVII [1787].
=300  \\$a20 pages ;$c27 cm (4to)
=336  \\$atext$btxt$2rdacontent
=337  \\$aunmediated$bn$2rdamedia
=338  \\$avolume$bnc$2rdacarrier
=340  \\$m4to$0http://rdaregistry.info/termList/bookFormat/1002
=500  \\$aSignatures: A-B⁴ C²
=500  \\$aTitle vignette and head-piece.
=651  \0$aFrance$xCommerce$vEarly works to 1800.
=651  \0$aFrance$xPolitics and government$vEarly works to 1800.
=700  1\$aDesenne, Victor,$ebookseller.
=909  \\$acat$bMNU$c2017-12-06$dm-mccl$eori
=913  \\$avb16
=997  \\$a1014025715
=998  \\$aLDR:01110nam#a2200301Ii#4500
=998  \\$b008:171206s1787####ne############000#0#fre#d

