=LDR  01672nam a2200397Ii 4500
=001  9975616607801701
=005  20180724141831.0
=008  171205s1787\\\\ne\af\\\\\\\\\000\0\dut\d
=035  \\$aMB472
=035  \\$a(OCoLC)1013979581
=040  \\$aMNU$beng$erda$edcrmb$cMNU
=043  \\$ae-ne---$anw-----
=049  \\$aMNUA
=099  \9$a1787 Ne
=245  00$aNederlandsche reizen, tot bevordering van den koophandel, na de Westindien :$bdoormengd met vreemde lotgevallen, en menigvuldige gevaaren, die de Nederlandsche reizigers hebben doorgestaan : met plaaten.
=246  15$aNederlandsche reizen na de Westindien
=264  \1$aTe Amsterdam :$bBy Petrus Conradi,$cMDCCLXXXVII [1787].
=264  \1$aTe Harlingen :$bBy V. van der Plaats,$cMDCCLXXXVII [1787].
=300  \\$axvi, 155, [1] pages, [5] folded leaves of plates :$billustrations ;$c21 cm (8vo)
=336  \\$atext$btxt$2rdacontent
=337  \\$aunmediated$bn$2rdamedia
=338  \\$avolume$bnc$2rdacarrier
=340  \\$m8vo$0http://rdaregistry.info/termList/bookFormat/1003
=500  \\$aHalf-title page.
=500  \\$aSignatures: pi² [star]⁸ A-I⁸ K⁶
=500  \\$aAdvertisement: final unnumbered page.
=500  \\$aTitle vignette, tail-pieces.
=651  \0$aNetherlands$xCommerce$zWest Indies$vEarly works to 1800.
=650  \0$aVoyages and travels$vEarly works to 1800.
=700  1\$aConradi, Petrus,$dactive 1767-1794,$ebookseller.
=700  1\$aPlaats, V. van der,$dactive 1770-1803$ebookseller.
=909  \\$acat$bMNU$c2017-12-05$dm-mccl$eori
=913  \\$avb16
=997  \\$a1013979581
=998  \\$aLDR:01557nam#a2200361Ii#4500
=998  \\$b008:171205s1787####ne#af#########000#0#dut#d

