=LDR  02220cam a2200445Ii 4500
=001  9975616708001701
=005  20180724141841.0
=008  871026s1787\\\\ne\\\\\\\\\\\\000\0\dut\d
=035  \\$aMB5256
=035  \\$a(OCoLC)16898586
=040  \\$aGSN$beng$erda$edcrmb$cGSN$dOCLCQ$dOCLCG$dNLE$dOCLCQ$dOCLCO$dOCLCF$dOCLCQ$dOCLCO$dMNU
=043  \\$an-gl---
=049  \\$aMNUA
=050  \4$aHB161
=099  \9$a1787 Mo
=100  1\$aMooy, Maarten,$d1739-1817,$eauthor.
=245  10$aOmstandig journaal van de reize naar Groenland /$cgedaan door Commandeur Maarten Mooy, met het schip Frankendaal ; Behelzende zyne uitreize van Amsterdam den 22. April 1786., bezetting in het ys, zedert den 10 Juny, het voorgevallene met de Commandeurs Hans Christian Jaspers, van Altona, Matthieu Weatherhead van London, William Allen, van Hull, en Volkert Klaasen, of Jung Volkert Knudten, van Gottenburg ...
=264  \1$aTe Amsterdam :$bGedrukt voor rekening van den commandeur en zyn te bekomen by David Weege, Boekverkoper in de Kalverstraat,$c1787.
=300  \\$a72 pages ;$c21 cm (4to)
=336  \\$atext$btxt$2rdacontent
=337  \\$aunmediated$bn$2rdamedia
=338  \\$avolume$bnc$2rdacarrier
=340  \\$m4to$0http://rdaregistry.info/termList/bookFormat/1002
=500  \\$aSignatures: *² A⁴ (-A1-2) B-I⁴.
=500  \\$a*1 and A4 conjugate, as are *2 and A3.
=500  \\$aAuthor's autograph at end of "Voorbericht."
=500  \\$a"Geene exemplaaren worden voor echt erkent, dan die door den commandeur onder het Voorbericht getekent zyn.": p. [2].
=510  4\$aSabin, J. Dictionary of books relating to America from its discovery to the present time,$c50474
=650  \0$aWhaling$zGreenland$vEarly works to 1800.
=651  \0$aGreenland$xDescription and travel$vEarly works to 1800.
=610  20$aFrankendaal (Ship)
=650  \7$aTravel$2fast$0(OCoLC)fst01155558
=650  \7$aWhaling.$2fast$0(OCoLC)fst01174284
=651  \7$aGreenland$2fast$0(OCoLC)fst01205290
=655  \7$aEarly works.$2fast$0(OCoLC)fst01411636
=909  \\$acat$bMNU$c2017-12-05$dm-mccl
=913  \\$avb16
=997  \\$a16898586
=998  \\$aLDR:02105cam#a2200409Ii#4500
=998  \\$b008:871026s1787####ne############000#0#dut#d

