=LDR  02133nam a2200529Ii 4500
=001  9975616802701701
=005  20180724141845.0
=008  171207s1787\\\\ne\\\\\\\\\\\\000\0\fre\d
=035  \\$aMB4710
=035  \\$a(OCoLC)1014229276
=040  \\$aMNU$beng$erda$edcrmb$cMNU
=043  \\$amb-----$aa-tu---$ae-gr---
=049  \\$aMNUA
=050  \4$aHB151
=099  9\$a1787 Ob
=100  1\$aPeyssonnel,$cM. de$q(Charles),$d1727-1790,$eauthor.
=245  10$aObservations sur le commerce de la mer Noire :$bet des pays qui la bordent ; auxquelles on a joint deux mémoires sur le commerce de Smyrne et de l'isle de Candie ...
=246  15$aCommerce de la mer Noire
=264  \1$aAmsterdam, Leide [sic], Rotterdam & Utrecht :$bChez les Libraires associés,$cMDCCLXXXVII [1787].
=300  \\$ax, 425, [7] pages, 1 folded leaf  ;$c18 cm (12mo)
=336  \\$atext$btxt$2rdacontent
=337  \\$aunmediated$bn$2rdamedia
=338  \\$avolume$bnc$2rdacarrier
=340  \\$m12mo$0http://rdaregistry.info/termList/bookFormat/1004
=500  \\$aErrata preceding text.
=500  \\$aSignatures: [star]⁶ (-[star]6) A-L¹² M¹⁰ N-R¹² S-T⁶
=500  \\$a"Table des articles contenus dans cet ouvrage": page [426].
=500  \\$aFacing title page: Noms des Libraires Associés.
=500  \\$aTail-pieces.
=500  \\$aTable on folded leaf.
=651  \0$aBlack Sea Region$xCommerce$xHistory.
=651  \0$aİzmir (Turkey)$xCommerce$xHistory.
=651  \0$aĒrakleion (Greece)$xCommerce$xHistory.
=650  \7$aCommerce$2fast$0(OCoLC)fst00869279
=651  \7$aBlack Sea Region$2fast$0(OCoLC)fst01342390
=651  \7$aGreece$zĒrakleion$2fast$0(OCoLC)fst01735689
=651  \7$aTurkey$zİzmir$2fast$0(OCoLC)fst01204957
=655  \7$aHistory.$2fast$0(OCoLC)fst01411628
=752  \\$aNetherlands$dAmsterdam
=752  \\$aNetherlands$dLeiden
=752  \\$aNetherlands$dRotterdam
=752  \\$aNetherlands$dUtrecht
=909  \\$acat$bMNU$c2017-12-07$dm-mccl$eori
=913  \\$avb16
=997  \\$a1014229276
=998  \\$aLDR:02062nam#a2200493Ii#4500
=998  \\$b008:171207s1787####ne############000#0#fre#d

