=LDR  02253nam a2200457Ii 4500
=001  9975621089201701
=005  20180724141858.0
=008  171213s1791\\\\enkacf\\\\\\\\000\0\eng\d
=035  \\$aMB4785
=035  \\$a(OCoLC)1015318338
=040  \\$aMNU$beng$erda$edcrmb$cMNU
=043  \\$af------
=049  \\$aMNUA
=050  \4$aAC4
=099  \9$a1791 Ca
=100  1\$aCarter, George,$d1737-1794,$eauthor.
=245  12$aA narrative of the loss of the Grosvenor East Indiaman :$bwhich was unfortunately wrecked upon the coast of Caffraria, somewhere between the 27th and 32d degrees of southern latitude, on the 4th of August, 1782 /$ccompiled from the examination of John Hynes, one of the unfortunate survivors ; By Mr. George Carter, historical portrait painter ... ; Containing a variety of matter respecting the sufferers ... ; with copper plates descriptive of the catastrophe, engraved from Mr. Carter's designs.
=264  \1$aLondon :$bPrinted at the Minerva Press, for J. Murray, Fleet-Street, and William Lane, Leadenhall-Street,$cMDCCXCI [1791].
=300  \\$a[4], 174 pages, [4] leaves of plates :$billustrations (1 folded), portraits ;$c24 cm (8vo)
=336  \\$atext$btxt$2rdacontent
=337  \\$aunmediated$bn$2rdamedia
=338  \\$avolume$bnc$2rdacarrier
=340  \\$m8vo$0http://rdaregistry.info/termList/bookFormat/1003
=500  \\$aSignatures: [A]² B-M⁸
=500  \\$aFinal leaf is blank.
=510  4\$aEnglish short title catalogue,$cT136158
=510  4\$aMendelssohn, S. South African bibliography to the year 1925 (3rd ed.),$cI:651
=510  4\$aLibrary Company of Philadelphia. Afro-Americana, 1553-1906,$c2093
=610  20$aGrosvenor (Ship)
=651  \0$aKaffraria$xDescription and travel.
=650  \0$aXhosa (African people)
=610  27$aGrosvenor (Ship)$2fast$0(OCoLC)fst00788606
=650  \7$aTravel$2fast$0(OCoLC)fst01155558
=650  \7$aXhosa (African people)$2fast$0(OCoLC)fst01182047
=651  \7$aAfrica$zKaffraria$2fast$0(OCoLC)fst01239149
=700  1\$aHynes, John,$dactive 1782,$econtributor.
=909  \\$acat$bMNU$c2017-12-13$dm-mccl$eori
=913  \\$avb16
=997  \\$a1015318338
=998  \\$aLDR:02129nam#a2200421Ii#4500
=998  \\$b008:171213s1791####enkacf########000#0#eng#d

