=LDR  01784cam a2200445 i 4500
=001  9975621199101701
=005  20180724141902.0
=008  990330s1791\\\\pau\\\\\\\\\\\000\0\eng\\
=010  \\$a   01003254 
=015  \\$a915618206  rev$2can
=016  \\$a(AMICUS)000004721621
=029  1\$aAU@$b000040467740
=029  1\$aNLGGC$b184479274
=035  \\$aMB1889
=035  \\$a(OCoLC)9746461
=040  \\$aDLC$beng$erda$edcrmb$cDLC$dOCLCQ$dOCLCG$dOCLCO$dOCLCQ$dOCLCA$dNLC$dMNU
=043  \\$an-us---
=049  \\$aMNUA
=050  00$aHF3025$b.S6
=099  \9$a1791 Cox
=100  1\$aCoxe, Tench,$d1755-1824,$eauthor.
=245  12$aA brief examination of Lord Sheffield's Observations on the commerce of the United States :$bin seven numbers : with two supplementary notes on American manufactures.
=264  \1$aPhiladelphia :$bFrom the press of M. Carey,$cMDCCXCI [1791].
=300  \\$avii, [1], 135, [1] pages ;$c20 cm (8vo)
=336  \\$atext$btxt$2rdacontent
=337  \\$aunmediated$bn$2rdamedia
=338  \\$avolume$bnc$2rdacarrier
=340  \\$m8vo$0http://rdaregistry.info/termList/bookFormat/1003
=500  \\$aSignatures: [A]⁴ B-R⁴ [S]⁴.
=500  \\$aSigned, page 135: Treasury department, Feb. 18th, 1791, Tench Coxe, assistant secretary.
=510  4\$aEvans$c23295
=500  \\$a"Books lately printed by Mathew Carey": page [1] at end.
=651  \0$aUnited States$xCommerce$vEarly works to 1800.
=600  10$aSheffield, John Holroyd,$cEarl of,$d1735-1821.$tObservations on the commerce of the American states.
=700  1\$aCarey, Mathew,$d1760-1839$epublisher.
=909  \\$acat$bMNU$c2017-12-14$dm-mccl
=913  \\$avb16
=997  \\$a9746461
=998  \\$aLDR:01675cam#a2200409#i#4500
=998  \\$b008:990330s1791####pau###########000#0#eng##

