=LDR  01532cam a2200373Ii 4500
=001  9975621199901701
=005  20180724141903.0
=008  931208m17901791it\\\\\\\\\\\\000\0\ita\d
=035  \\$aMB5843
=035  \\$a(OCoLC)315872736
=040  \\$aNLE$beng$erda$edcrmb$cNLE$dOCLCF$dOCLCO$dOCLCQ$dOCLCO$dMNU
=041  1\$aita$heng
=049  \\$aMNUA
=099  \9$a1790 Sm1
=100  1\$aSmith, Adam,$d1723-1790$eauthor.
=240  10$aInquiry into the nature and causes of the wealth of nations.$lItalian.$f1790
=245  10$aRicerche sulla natura, e le cagioni della ricchezza delle nazioni /$cdel Signor Smith ; tradotte per la prima volta in italiano dall' ultima edizione Inglese.
=264  \1$aIn Napoli :$bPresso Giuseppe Policarpo Merande, negoziante di libri dirimpetto la Chiesa di S. Angelo-a-Nido,$cMDCCXC [1790]-MDCCXCI [1791].
=300  \\$a5 volumes ;$c18 cm (8vo)
=336  \\$atext$btxt$2rdacontent
=337  \\$aunmediated$bn$2rdamedia
=338  \\$avolume$bnc$2rdacarrier
=340  \\$m8vo$0http://rdaregistry.info/termList/bookFormat/1003
=500  \\$aWith half titles in all volumes.
=500  \\$aTitle vignettes, head-pieces.
=650  \0$aEconomics$vEarly works to 1800.
=650  \0$aWealth$vEarly works to 1800.
=650  \7$aWealth.$2fast$0(OCoLC)fst01172973
=655  \7$aEarly works.$2fast$0(OCoLC)fst01411636
=909  \\$acat$bMNU$c2017-12-13$dm-mccl
=913  \\$avb16
=997  \\$a315872736
=998  \\$aLDR:01404cam#a2200337Ii#4500
=998  \\$b008:931208m17901791it############000#0#ita#d

