=LDR  01959cam a2200457Ii 4500
=001  9975621203201701
=005  20180724141907.0
=008  171212s1790\\\\po\\\\\\\\\\\\000\0\por\d
=035  \\$aMB5261
=035  \\$a(OCoLC)1015252994
=040  \\$aMNU$beng$erda$edcrmb$cMNU$dMNU
=041  1\$apor$aara$hara
=043  \\$ae-po---
=049  \\$aMNUA
=050  04$aDP503$b.S7
=099  \9$a1790 So
=100  1\$aSousa, João de,$dapproximately 1734-1812,$eauthor.
=245  10$aDocumentos arabicos :$bpara a historia portugueza /$ccopiados dos originaes da Torre do Tombo com permissão de S. Magestade, e vertidos em portuguez por ordem da Academia Real das Sciencias de Lisboa por Fr. João de Sousa ...
=264  \1$aLisboa :$bNa officina Academia Real das Sciencias,$cMDCCXC [1790].
=300  \\$a2 leaves, [6], 190, [2] pages ;$c21 cm (4to)
=336  \\$atext$btxt$2rdacontent
=337  \\$aunmediated$bn$2rdamedia
=338  \\$avolume$bnc$2rdacarrier
=340  \\$m4to$0http://rdaregistry.info/termList/bookFormat/1002
=500  \\$aTitle vignette and head-pieces.
=500  \\$aSignatures: [star]⁴ A-2A⁴
=500  \\$aCatalogo das obras já impressas da Academia Real das Sciencias de Lisboa ... :  final 2 unnumbered pages.
=546  \\$aPortuguese and Arabic in parallel columns; translated from the Arabic.
=651  \0$aPortugal$xHistory$vSources.
=651  \0$aPortugal$xHistory$vEarly works to 1800.
=651  \7$aPortugal$2fast$0(OCoLC)fst01208476
=655  \7$aEarly works.$2fast$0(OCoLC)fst01411636
=655  \7$aHistory.$2fast$0(OCoLC)fst01411628
=655  \7$aSources.$2fast$0(OCoLC)fst01423900
=710  2\$aAcademia Real das Sciencias de Lisboa,$epublisher.
=710  2\$aArquivo Nacional da Torre do Tombo (Portugal)
=909  \\$acat$bMNU$c2017-12-12$dm-mccl$eori
=913  \\$avb16
=997  \\$a1015252994
=998  \\$aLDR:01863cam#a2200421Ii#4500
=998  \\$b008:171212s1790####po############000#0#por#d

