=LDR  01476nam a2200385Ii 4500
=001  9975621203301701
=005  20180724141907.0
=008  171212s1790\\\\fr\\\\\\\\\\\\000\0\fre\d
=035  \\$aMB5178
=035  \\$a(OCoLC)1015285325
=040  \\$aMNU$beng$erda$edcrmb$cMNU
=043  \\$an-us-oh$ae-fr---
=049  \\$aMNUA
=050  \4$aF495$b.N68 1790
=099  \9$a1790 Sc
=245  00$aNouveau prospectus de la Compagnie du Scioto, avec plusieurs extraits de lettres, écrites du Scioto même, en date du 12 octobre 1790.
=264  \0$aA Paris :$bde l'Imprimerie de Clousier ... rue de Sorbonne,$cDécembre 1790.
=300  \\$a[2], 20 pages ;$c18 cm (8vo)
=336  \\$atext$btxt$2rdacontent
=337  \\$aunmediated$bn$2rdamedia
=338  \\$avolume$bnc$2rdacarrier
=340  \\$m8vo$0http://rdaregistry.info/termList/bookFormat/1003
=500  \\$aSignatures: pi² (-pi2) A⁸ B²
=500  \\$aTitle vignette, head- and tail-pieces.
=500  \\$aPrinter from colophon.
=610  20$aCompagnie du Scioto$vEarly works to 1800.
=651  \0$aOhio River Valley$xDescription and travel$vEarly works to 1800.
=650  \0$aFrench$zOhio$vEarly works to 1800.
=700  1\$aClousier, Jacques-Gabriel,$d-1804?,$eprinter.
=710  2\$aCompagnie du Scioto,$eissuing body.
=909  \\$acat$bMNU$c2017-12-12$dm-mccl$eori
=913  \\$avb16
=997  \\$a1015285325
=998  \\$aLDR:01368nam#a2200349Ii#4500
=998  \\$b008:171212s1790####fr############000#0#fre#d

