=LDR  02051cam a2200445Ia 4500
=001  9975621203401701
=005  20180724141907.0
=008  760830m17901791fr\\\\\\\\\\\\000\0\fre\d
=029  1\$aGEBAY$b962410
=035  \\$aMB4453
=035  \\$a(OCoLC)2405138
=040  \\$aNAM$beng$cNAM$dOCL$dOCLCQ$dOCLCG$dHBS$dOCLCQ$dLGG$dOCLCF$dOCLCQ$dOCLCO$dUEJ$dMNU
=041  1\$afre$heng
=049  \\$aMNUA
=050  \4$aHB161$b.S614 1790
=082  04$a330$bG62
=099  \9$a1790 Sm
=100  1\$aSmith, Adam,$d1723-1790
=240  10$aInquiry into the nature and causes of the wealth of nations.$lFrench
=245  10$aRecherches sur la nature et les causes de la richesse des nations /$ctraduites de l'anglois de M. Smith, sur la quatrième édition, par M. Roucher ; et suivies d'un volume de notes, par M. le marquis de Condorcet ...
=246  17$aRiches des nations
=260  \\$aA Paris :$bChez Buisson ...,$c1790-1791.
=300  \\$a4 volumes ;$c21 cm (8vo)
=336  \\$atext$btxt$2rdacontent
=337  \\$aunmediated$bn$2rdamedia
=338  \\$avolume$bnc$2rdacarrier
=340  \\$m8vo$0http://rdaregistry.info/termList/bookFormat/1003
=500  \\$aEach vol. with a half title.
=500  \\$aTranslation statement on t.p. of v. 3-4 reads: traduites de l'anglois de M. Smith, sur la quatrième et dernière édition.
=500  \\$aVol. 1: xi, [1], 570 p.; v. 2: [4], 312 p.; v. 3: [4], 602 p.; v. 4: [4], 591, [1] p.
=500  \\$a"Le volume de notes de Condorcet qui devait former le 5e volume ne parait pas avoir été publié. À la dernière page du t. IV on lit: Fin du quatrième et dernier volume de Smith"--BN, v. 174.
=650  \0$aEconomics$vEarly works to 1800.
=650  \7$aEconomics$2fast$0(OCoLC)fst00902116
=655  \7$aEarly works.$2fast$0(OCoLC)fst01411636
=700  1\$aRoucher, Jean-Antoine,$d1745-1794,$etranslator.
=909  \\$acat$bMNU$c2017-12-12$dm-mccl
=913  \\$avb16
=997  \\$a2405138
=998  \\$aLDR:01994cam#a2200409Ia#4500
=998  \\$b008:760830m17901791fr############000#0#fre#d

