=LDR  02394cam a2200565Mi 4500
=001  9975621206201701
=005  20180724141911.0
=008  911209s1790\\\\fr\\\\\\\\\\\\000\0\fre\d
=016  7\$a003237281$2Uk
=019  \\$a26382942
=029  1\$aNLGGC$b185217796
=035  \\$aMB2499
=035  \\$a(OCoLC)32978877
=040  \\$aNYP$beng$erda$edcrmb$cNYP$dCUY$dOCL$dOCLCG$dUKMGB$dOCLCQ$dOCLCO$dOCLCQ$dOCLCF$dOCLCO$dOCL$dMNU
=043  \\$ae-fr---$ae-uk---$ae-sp---
=049  \\$aMNUA
=050  \4$aHF3505$b.M65
=099  \9$a1790 Mo
=100  1\$aMontvert,$cM. de$q(Pierre-Esprit Sambuc),$eauthor.
=245  10$aObservations sur le systême de l'Angleterre, pour réduire dans sa dépendance le commerce maritime de l'univers /$cpar M. Montvert, l'un des deux représentans le corps de MM. les Maréchaux-de-Camp, à la fédération patriotique du 14 de ce mois de juillet 1790.
=264  \1$a[Paris] :$bDe l'Imprimerie de ve Herissant, rue Neuve-Notre-Dame,$c1790.
=300  \\$a24 pages ;$c22 cm (8vo)
=336  \\$atext$btxt$2rdacontent
=337  \\$aunmediated$bn$2rdamedia
=338  \\$avolume$bnc$2rdacarrier
=340  \\$m8vo$0http://rdaregistry.info/termList/bookFormat/1003
=500  \\$aImprint from colophon.
=500  \\$aSignatures: A⁸ B⁴
=500  \\$aHead-piece.
=510  4\$aMartin & Walter$c25092
=651  \0$aGreat Britain$xForeign relations$zFrance$vEarly works to 1800.
=651  \0$aGreat Britain$xColonies$xHistory.
=651  \0$aGreat Britain$xCommerce$xHistory$y18th century.
=651  \0$aGreat Britain$xForeign relations$zSpain$vEarly works to 1800.
=651  \0$aFrance$xHistory$yRevolution, 1789-1799.
=611  27$aRevolution (France : 1789-1799)$2fast$0(OCoLC)fst01354514
=650  \7$aBritish colonies.$2fast$0(OCoLC)fst01910374
=650  \7$aCommerce$2fast$0(OCoLC)fst00869279
=650  \7$aDiplomatic relations.$2fast$0(OCoLC)fst01907412
=651  \7$aFrance$2fast$0(OCoLC)fst01204289
=651  \7$aGreat Britain$2fast$0(OCoLC)fst01204623
=651  \7$aSpain$2fast$0(OCoLC)fst01204303
=648  \7$a1700-1799$2fast
=655  \7$aEarly works.$2fast$0(OCoLC)fst01411636
=655  \7$aHistory.$2fast$0(OCoLC)fst01411628
=909  \\$acat$bMNU$c2017-12-11$dm-mccl$eori
=913  \\$avb16
=997  \\$a32978877
=998  \\$aLDR:02329cam#a2200529Mi#4500
=998  \\$b008:911209s1790####fr############000#0#fre#d

