=LDR  01963cam a2200493Ma 4500
=001  9975621306901701
=005  20180724141903.0
=008  060317s1790\\\\ht\\\\\\\\\\\s000\0\fre\d
=019  \\$a207406247
=035  \\$aMB2432
=035  \\$a(OCoLC)85034925
=040  \\$aRPJCB$beng$edcrb$cRBN$dOCLCG$dOCLCF$dOCLCO$dOCL$dOCLCQ$dMNU
=043  \\$anwht---
=049  \\$aMNUA
=050  \4$aK526.5
=099  \9$a1790 Sa
=110  1\$aSaint-Domingue.$bAssemblée générale.
=245  10$aOuverture de tous les ports de la colonie aux etrangers.
=246  18$aPapiers relatifs au Comte de Peynier, chef d'escadre
=260  \\$aAu Port-au-Prince, :$bde l'Imprimerie de Mozard.,$c1790.
=300  \\$a11, [1] p. ;$c23 cm. (8vo)
=336  \\$atext$btxt$2rdacontent
=337  \\$aunmediated$bn$2rdamedia
=338  \\$avolume$bnc$2rdacarrier
=340  \\$m8vo$0http://rdaregistry.info/termList/bookFormat/1003
=500  \\$aExcerpted from "Extrait des registres de l'Assemblée générale de la Partie françoise de Saint-Domingue. Séance du 20 juillet 1790", p. [3]-11.
=500  \\$aSigned on p. 11: le comte de Peinier.
=500  \\$aSignatures: [A]⁶ ([A]6 verso blank).
=500  \\$aEngraved printer's ornament on title page; head piece.
=650  \0$aHarbors$xLaw and legislation$zHaiti.
=651  \0$aHaiti$xPolitics and government$yTo 1791.
=650  \7$aHarbors$xLaw and legislation$2fast$0(OCoLC)fst00951274
=650  \7$aPolitics and government$2fast$0(OCoLC)fst01919741
=651  \7$aHaiti$2fast$0(OCoLC)fst01205135
=648  \7$aTo 1791$2fast
=653  \\$aImprint 1790
=700  1\$aPeinier, Louis Antoine Thomassin,$ccomte de.
=700  1\$aPeinier, Louis Antoine Thomassin,$ccomte de.$4fmo$5RPJCB
=752  \\$aHaiti$dPort-au-Prince.
=909  \\$acat$bMNU$c2017-12-12$dm-mccl
=913  \\$avb16
=997  \\$a85034925
=998  \\$aLDR:01891cam#a2200457Ma#4500
=998  \\$b008:060317s1790####ht###########s000#0#fre#d

