=LDR  01368nam a2200349Ii 4500
=001  9975621308001701
=005  20180724141904.0
=008  171211s1790\\\\fr\\\\\\\\\\\\000\0\fre\d
=035  \\$aMB655
=035  \\$a(OCoLC)1015221093
=040  \\$aMNU$beng$erda$edcrmb$cMNU
=043  \\$ai-mf---
=049  \\$aMNUA
=099  \9$a1790 Ob
=245  00$aObservations sommaires sur le Mémoire publié pour la Colonie de l'Isle-de-France, relativement au commerce de l'Inde.
=264  \0$a[Paris] :$b[publisher not identified],$cMDCCXC [1790].
=300  \\$a32 pages ;$c24 cm (4to)
=336  \\$atext$btxt$2rdacontent
=337  \\$aunmediated$bn$2rdamedia
=338  \\$avolume$bnc$2rdacarrier
=340  \\$m4to$0http://rdaregistry.info/termList/bookFormat/1002
=500  \\$aCaption title.
=500  \\$aDate from colophon.
=500  \\$aHead- and tail-pieces.
=500  \\$aSignatures: A-D⁴.
=651  \0$aMauritius$xHistory$vEarly works to 1800.
=700  1\$aCharpentier de Cossigny, Joseph François,$d1730-1809.$tMémoire pour la colonie de l'Isle de France, en réponse au Précis et au Mémoire des actionnaires de la Compagnie des Indes, imprimés en 1790.
=909  \\$acat$bMNU$c2017-12-11$dm-mccl$eori
=913  \\$avb16
=997  \\$a1015221093
=998  \\$aLDR:01290nam#a2200313Ii#4500
=998  \\$b008:171211s1790####fr############000#0#fre#d

