=LDR  02298cam a2200541 i 4500
=001  9975621391001701
=005  20180724141911.0
=008  961209s1791\\\\dk\\\\\\\\\\\\000\0\fre\d
=029  \\$aoc22886412
=035  \\$aMB4635
=035  \\$a(OCoLC)940181079
=040  \\$aUEJ$beng$cUEJ$dOCLCO$dOCLCF$dMNU
=041  1\$afre$adan$ager
=043  \\$ae-dk---$ae-no---$ae-it---
=049  \\$aMNUA
=090  \\$aHB161$b.G64 no. 14590
=099  \9$a1791 De
=110  1\$aDenmark.
=240  10$aTreaties, etc (1756 Mar. 13).$kProtocols, etc.$f1789 July 30
=245  10$aTraité perpetuel d'amitié et de commerce conclu en 1756 entre S.M. le Roi de Dannemarc et de Norvège &c. &c. et la serme. République de Gènes, confirmé et rectifié en 1789 :$bdans lequel a été inseré, l'accord pour l'extradition reciproque des malfaiteurs et déserteurs.
=260  \\$aCopenhague :$bChez Jean Frederic Schultz,$c1791.
=300  \\$a160 pages ;$c20 cm (8vo)
=336  \\$atext$btxt$2rdacontent
=337  \\$aunmediated$bn$2rdamedia
=338  \\$avolume$bnc$2rdacarrier
=340  \\$m8vo$0http://rdaregistry.info/termList/bookFormat/1003
=500  \\$aAdded title pages in Danish and German.
=500  \\$aText in French, Danish and German.
=500  \\$aDanish and German: Fraktur.
=500  \\$aSignatures: A-K⁸
=510  4\$aGoldsmiths'-Kress library of economic literature,$cno. 14590.
=651  \0$aDenmark$xForeign relations$xTreaties.
=651  \0$aGenoa (Italy)$xForeign relations$xTreaties.
=651  \0$aDenmark$xCommerce$zItaly$zGenoa.
=651  \0$aGenoa (Italy)$xCommerce$zDenmark.
=650  \7$aCommerce$2fast$0(OCoLC)fst00869279
=650  \7$aDiplomatic relations.$2fast$0(OCoLC)fst01907412
=651  \7$aDenmark$2fast$0(OCoLC)fst01204558
=651  \7$aItaly$zGenoa$2fast$0(OCoLC)fst01225559
=655  \7$aTreaties.$2fast$0(OCoLC)fst01423868
=710  1\$aGenoa (Republic).$tTreaties, etc$d(1756 Mar. 13).$kProtocols, etc$d(1789 July 30)
=710  1\$aDenmark.$bSovereign (1746-1766 : Frederic V)
=710  1\$aDenmark.$bSovereign (1766-1808 : Christian VII)
=909  \\$acat$bMNU$c2017-12-15$dm-mccl
=913  \\$avb16
=997  \\$a940181079
=998  \\$aLDR:02243cam#a2200505#i#4500
=998  \\$b008:961209s1791####dk############000#0#fre#d

