=LDR  02730cam a2200565Ii 4500
=001  9975621395001701
=005  20180724141921.0
=008  171214s1791\\\\sp\\\\\\\\\\\\000\0\spa\d
=035  \\$aMB1369
=035  \\$a(OCoLC)1015352473
=040  \\$aMNU$beng$erda$edcrmb$cMNU$dMNU
=041  1\$aspa$acat$hcat
=049  \\$aMNUA
=050  \4$aJX2043 .S7 1791
=099  \9$a1791 Co
=130  0\$aConsolat de mar.
=245  10$aCodigo de las costumbres maritimas de Barcelona :$bhasta aqui vulgarmente llamado Libro del consulado : Nuevamente traducido al castellano con el texto lemosin restituido à su original integridad y pureza; é ilustrado con varios apéndices, glosarios y observaciones históricas /$cpor don Antonio de Capmany, y de Monpalau.
=246  17$aCostumbres maritimas.
=246  17$aApendice de leyes del comercio naval.
=264  \0$aMadrid :$ben la Imprenta de don Antonio de Sancha,$cMDCCXCI [1791].
=300  \\$alxxxii, 368, 225 pages ;$c26 cm (4to)
=336  \\$atext$btxt$2rdacontent
=337  \\$aunmediated$bn$2rdamedia
=338  \\$avolume$bnc$2rdacarrier
=340  \\$m4to$0http://rdaregistry.info/termList/bookFormat/1002
=500  \\$aEach title-page includes engraved illustration; engraved head-pieces and initials.
=546  \\$aCodigo printed in two columns, Catalan and Spanish.
=546  \\$aAppendix printed in two columns, in Spanish only.
=546  \\$aDiscurso del editor (pages [iii]-lxxii) printed full width in Spanish only.
=500  \\$aArtists and engravers: Luis Parét, inv.; Montaña, inv.; Blas Ametller. sculp.; P.P. Motes, sculp.
=500  \\$aSignatures: a⁴(-a1) b-k⁴ l² (-l2) A-2Z⁴ A-2E⁴ 2F² (-2F2)
=501  \\$aBound with Capmany y de Montpalau's Apendice a las Costumbres maritimas del Libro del consulado. Madrid : en la imprenta de Sancha, MDCCXCI [1791].
=650  \0$aMaritime law.
=650  \0$aWar, Maritime (International law)
=650  \0$aCommercial law.
=650  \0$aNaval law.
=650  \7$aCommercial law.$2fast$0(OCoLC)fst00869502
=650  \7$aMaritime law$2fast$0(OCoLC)fst01010102
=650  \7$aNaval law.$2fast$0(OCoLC)fst01035013
=650  \7$aWar, Maritime (International law)$2fast$0(OCoLC)fst01170715
=700  1\$aCapmany y de Montpalau, Antonio de,$d1742-1813,$eauthor.
=700  1\$aParet y Alcázar, Luis,$d1746-1799$eartist.
=700  1\$aAmetller, Blas,$d1768-1841$eengraver.
=710  1\$aSpain.$tLaws, statutes, etc.
=740  2\$aApendice a las Costumbres maritimas del Libro del consulado.
=909  \\$acat$bMNU$c2017-12-14$dm-mccl$eori
=913  \\$avb16
=997  \\$a1015352473
=998  \\$aLDR:02664cam#a2200529Ii#4500
=998  \\$b008:171214s1791####sp############000#0#spa#d

