=LDR  02173nam a2200457Ii 4500
=001  9975621398701701
=005  20180724141924.0
=008  171213s1790\\\\fr\\\\\\\b\\\\000\0\fre\d
=035  \\$aMB5000
=035  \\$a(OCoLC)1015317879
=040  \\$aMNU$beng$erda$edcrmb$cMNU
=041  1\$afre$heng
=043  \\$an-us---$ae-fr---$ae-uk---
=049  \\$aMNUA
=050  \4$aHF3098$b.S96 1790
=099  \9$a1790 Sw
=100  1\$aSwan, James,$d1754-1830$eauthor.
=245  10$aCauses qui se sont opposées aux progrès du commerce :$bentre la France, et les États-Unis de l'Amérique : avec les moyens de l'accèlèrer, & la comparaison de la dette Nationale de l'Angleterre, de la France, & des Etats-Unis; en six lettres adressées à Monsieur le Marquis de la Fayette /$ctraduit sur le manuscrit Anglais du Colonel Swan, ancien membre de la législation de la République de Massachusset.
=264  \0$aA Paris :$bA l'Imprimerie de L. Potier de Lille, rue Favart, no. 5 et chez les Marchands de Nouveautés,$c1790.
=300  \\$a[8], 318 pages, 1 folded leaf of plates ;$c21 cm (8vo)
=336  \\$atext$btxt$2rdacontent
=337  \\$aunmediated$bn$2rdamedia
=338  \\$avolume$bnc$2rdacarrier
=340  \\$m8vo$0http://rdaregistry.info/termList/bookFormat/1003
=500  \\$aHalf-title.
=500  \\$aSignatures: pi⁴ A-V⁸ (-V8)
=500  \\$aErrata preceding text.
=504  \\$aIncludes bibliographical references.
=510  4\$aSabin, J. Dictionary of books relating to America from its discovery to the present time,$c94005.
=651  \0$aUnited States$xCommerce$zFrance.
=651  \0$aFrance$xCommerce$zUnited States.
=650  \7$aCommerce$2fast$0(OCoLC)fst00869279
=651  \7$aFrance$2fast$0(OCoLC)fst01204289
=651  \7$aUnited States$2fast$0(OCoLC)fst01204155\
=700  1\$aLa Fayette, Michel Louis Christophe Roch Gilbert Motier,$cmarquis de,$d1732-1759,$erecipient.
=700  1\$aPotier de Lille, Louis,$d1750?-1794,$eprinter.
=909  \\$acat$bMNU$c2017-12-13$dm-mccl$eori
=913  \\$avb16
=997  \\$a1015317879
=998  \\$aLDR:02122nam#a2200421Ii#4500
=998  \\$b008:171213s1790####fr#######b####000#0#fre#d

