=LDR  01738cam a2200385Ii 4500
=001  9975621401901701
=005  20180724141929.0
=008  860425s1790\\\\fr\\\\\\\\\\\\000\0\fre\d
=016  7\$a014854530$2Uk
=035  \\$aMB969
=035  \\$a(OCoLC)13496331
=040  \\$aRQA$beng$erda$edcrmb$cRQA$dOCLCQ$dUKMGB$dOCLCQ$dMNU
=043  \\$anwtr---$ae-uk---
=049  \\$aMNUA
=050  \4$aF2116$b.R76m
=099  \9$a1790 Ro
=100  1\$aRoume, Philippe Rose,$eauthor.
=245  10$aMemoire de m. Roume, Commissaire et ordonnateur de l'isle de Tabago, chargé par le Ministre de la Marine de répondre aux réclamations des hypothécaires anglois, qui réfute un mémoire adressé à l'Assemblée Nationale pour les créanciers anglois des habitans de la même isle /$cpar mm. Tod & Francklyn, députés de ces créanciers.
=264  \1$aA Paris :$bde l'Imprimerie Nationale,$c1790.
=300  \\$a202 pages, [1] leaf ;$c22 cm (8vo)
=336  \\$atext$btxt$2rdacontent
=337  \\$aunmediated$bn$2rdamedia
=338  \\$avolume$bnc$2rdacarrier
=340  \\$m8vo$0http://rdaregistry.info/termList/bookFormat/1003
=500  \\$aSignatures: pi² A-M⁸ N⁶.
=500  \\$aFinal leaf blank.
=651  \0$aTobago (Trinidad and Tobago)$xForeign economic relations$zGreat Britain$vEarly works to 1800.
=651  \0$aGreat Britain$xForeign economic relations$zTrinidad and Tobago$zTobago$vEarly works to 1800.
=650  \0$aFinance$zTrinidad and Tobago$zTobago$vEarly works to 1800.
=651  \0$aTobago (Trinidad and Tobago)$xHistory.
=909  \\$acat$bMNU$c2017-12-12$dm-mccl
=913  \v$ab16
=997  \\$a13496331
=998  \\$aLDR:01705cam#a2200349Ii#4500
=998  \\$b008:860425s1790####fr############000#0#fre#d

