=LDR  02409cam a2200565 a 4500
=001  9975621405601701
=005  20180724141935.0
=008  810403s1790\\\\enk\\\\\\\\\\\000\0\eng\\
=010  \\$a   11013702 
=015  \\$a905623037  revv/r84$2can
=016  \\$a(AMICUS)000003550523
=029  1\$aNZ1$b12152086
=029  1\$aNZ1$b1290889
=035  \\$aMB118
=035  \\$a(OCoLC)5309267
=040  \\$aDLC$beng$edcrmb$cDLC$dCLE$dIXA$dWAU$dOCLCF$dOCLCO$dNLC$dMNU
=043  \\$ae-sp---$ae-uk---$an-cn-bc
=049  \\$aMNUA
=050  00$aF1089.N8$bM4
=082  \4$a971.1$bM463a
=099  \9$a1790 Me
=100  1\$aMeares, John,$d1756?-1809
=245  10$aAuthentic copy of the memorial to the Right Honourable William Wyndham Grenville, one of His Majesty's principal secretaries of state /$cby Lieutenant John Mears, of the Royal Navy ; dated 30th April 1790 and presented to the House of Commons, May 13, 1790 ; containing every particular respecting the capture of the vessels in Nootka Sound.
=246  1\$iHalf title:$aAuthentic copy of Lieutenant Mears's memorial
=260  \\$aLondon :$bPrinted for J. Debrett ...,$cMDCCLX [1760, i.e. 1790]
=300  \\$a[4], 65 p. ;$c22 cm (8vo)
=336  \\$atext$btxt$2rdacontent
=337  \\$aunmediated$bn$2rdamedia
=338  \\$avolume$bnc$2rdacarrier
=340  \\$m8vo$0http://rdaregistry.info/termList/bookFormat/1003
=500  \\$aSignatures: [A]² B-I⁴ K1.
=510  4\$aSowerby, E.M.  Catalogue of the Library of Thomas Jefferson,$c2795
=510  4\$aEnglish Short Title Catalogue,$cT98948
=500  \\$aLC copy imperfect: half title wanting.$5DLC
=651  \0$aNootka Sound (B.C.)
=651  \0$aGreat Britain$xForeign relations$zSpain.
=651  \0$aSpain$xForeign relations$zGreat Britain
=650  \7$aDiplomatic relations.$2fast$0(OCoLC)fst01907412
=651  \7$aGreat Britain$2fast$0(OCoLC)fst01204623
=651  \7$aPacific Ocean$zNootka Sound$2fast$0(OCoLC)fst01242450
=651  \7$aSpain$2fast$0(OCoLC)fst01204303
=651  \6$aNord-Ouest, Ct̥e (Amřique du Nord)$xDčouverte et exploration.
=710  2\$aSangorski & Sutcliffe,$ebinder.
=710  2\$aHenry Stevens, Son & Stiles,$ebookseller.
=752  \\$aEngland$dLondon.
=909  \\$acat$bMNU$c2017-12-11$dm-mccl
=913  \\$avb16
=997  \\$a5309267
=998  \\$aLDR:02312cam#a2200529#a#4500
=998  \\$b008:810403s1790####enk###########000#0#eng##

