=LDR  01512nam a2200385Ii 4500
=001  9975621509901701
=005  20180724141930.0
=008  171211s1787\\\\sw\\\\\\\\\\\\000\0\swe\d
=035  \\$aMB4631
=035  \\$a(OCoLC)1015202251
=040  \\$aMNU$beng$erda$edcrmb$cMNU
=043  \\$ae-urs--
=049  \\$aMNUA
=099  \9$a1787 Oe
=100  1\$aÖdmann, Samuel,$d1750-1829,$eauthor.
=245  10$aBeskrifning om Kamtschatka, des invȧnare och physiska mȧrkvȧrdigheter /$caf Samuel Ödmann.
=264  \1$aUpsala :$bTryckt hos directeuren Joh. Edman,$c1787.
=300  \\$a[8], 196 pages ;$c15 cm (12mo)
=336  \\$atext$btxt$2rdacontent
=337  \\$aunmediated$bn$2rdamedia
=338  \\$avolume$bnc$2rdacarrier
=340  \\$m12mo$0http://rdaregistry.info/termList/bookFormat/1004
=500  \\$aFauna Kamtschatkadalensis: pages [187]-191; Flora Kamtschatkadalensis: pages 191-196.500  "
=500  \\$a"Exemplaret kostar 8 Schill"--Colophone.
=500  \\$aTitle vignette, head- and tail-pieces.
=500  \\$aSignatures: [star]⁴ A-H¹² I²
=651  \0$aKamchatka Peninsula (Russia)$xDescription and travel$vEarly works to 1800.
=650  \7$aTravel$2fast$0(OCoLC)fst01155558
=651  \7$aRussia (Federation)$zKamchatka Peninsula$2fast$0(OCoLC)fst01244918
=700  1\$aEdman, Johan,$d-1791
=909  \\$acat$bMNU$c2017-12-11$dm-mccl$eori
=913  \\$avb16
=997  \\$a1015202251
=998  \\$aLDR:01417nam#a2200349Ii#4500
=998  \\$b008:171211s1787####sw############000#0#swe#d

