=LDR  02115cam a2200493Ii 4500
=001  9975626295501701
=005  20180724141919.0
=008  900822s1791\\\\fr\bf\\\\\\\\\000\0\fre\d
=035  \\$aMB2949
=035  \\$a(OCoLC)960098383
=040  \\$aHUV$beng$erda$edcrmb$cHUV$dOCLCO$dOCLCF$dOCLCQ$dMNU
=043  \\$af-mg---
=049  \\$aMNUA
=050  \4$aAC4
=099  \9$a1791 Ro
=100  1\$aRochon, Alexis,$d1741-1817,$eauthor.
=245  10$aVoyage à Madagascar et aux Indes Orientales /$cpar m. l'Abbé Rochon ...
=246  17$aVoyage aux Indes Orientales.
=246  16$aRelation d'un voyage aux Indes Orientales.
=264  \1$aA Paris :$bChez Prault ... Quai des Augustins, à l'Immortalité,$c1791.
=300  \\$a[4], lxiv, 322 [i.e. 324] p., [1] folding leaf of plates :$bmap ;$c21 cm (8vo)
=336  \\$atext$btxt$2rdacontent
=337  \\$aunmediated$bn$2rdamedia
=338  \\$avolume$bnc$2rdacarrier
=340  \\$m8vo$0http://rdaregistry.info/termList/bookFormat/1003
=500  \\$aSignatures: pi² a-d⁸ A-T⁸ V⁶ (-V6) [superscript chi] T⁶
=500  \\$aFinal leaf blank.
=500  \\$aHalf- and running-title: Voyage aux Indes Orientales.
=500  \\$aMap titled: Ancienne carte topographique de l'Isle de Madagascar, réduite d'après le dessin original de m. Robert, fait en 1727.
=500  \\$aPage numbers 303-304 repeated.
=500  \\$aTitle vignette, head- and tail-pieces.
=500  \\$a"Description de plusieurs arbres ... de Madagascar:" p. 272-288; Supplement aux plantes de l'Inde:" p. 313-322.
=651  \0$aMadagascar$xDescription and travel$vEarly works to 1800.
=650  \0$aPlants$zIndia$vEarly works to 1800.
=650  \0$aTrees$zMadagascar$vEarly works to 1800.
=650  \7$aTravel$2fast$0(OCoLC)fst01155558
=651  \7$aMadagascar$2fast$0(OCoLC)fst01209332
=700  1\$aPrault, Louis-François,$d1734-1806,$ebookseller.
=752  \\$aFrance$dParis.
=909  \\$acat$bMNU$c2017-12-28$dm-mccl
=913  \\$avb16
=997  \\$a960098383
=998  \\$aLDR:02050cam#a2200457Ii#4500
=998  \\$b008:900822s1791####fr#bf#########000#0#fre#d

