=LDR  02086cam a2200457Ii 4500
=001  9975626296201701
=005  20180724141920.0
=008  830824s1791\\\\enk\\\\\\\\\\\000\0\eng\d
=029  0\$aAU@$b000002411601
=029  1\$aAU@$b000009241440
=029  1\$aNZ1$b13503263
=035  \\$aMB5238
=035  \\$a(OCoLC)220143073
=040  \\$aAU@$beng$erda$edcrmb$cAU@$dOCLCQ$dOCLCO$dOCLCA$dOCLCQ$dOCLCA$dMNU
=043  \\$au-at-ne$au-at---
=049  \\$aMNUA
=050  \4$aDU160.P5
=099  \9$a1791 Ph
=100  1\$aPhillip, Arthur,$d1738-1814,$eauthor.
=245  10$aExtracts of letters from Arthur Phillip, Esq., Governor of New South Wales, to Lord Sydney :$bto which is annexed A description of Norfolk Island by Philip Gidley King, Esq., and An account of expences incurred in transporting convicts to New South Wales.
=246  3\$aAccount of expences incurred in transporting convicts to New South Wales
=264  \1$aLondon :$bPrinted for J. Debrett, opposite Burlington-House, Piccadilly,$cMDCCXCI [1791].
=300  \\$a[1] leaf, 26 pages ;$c31 cm (4to)
=336  \\$atext$btxt$2rdacontent
=337  \\$aunmediated$bn$2rdamedia
=338  \\$avolume$bnc$2rdacarrier
=340  \\$m4to$0http://rdaregistry.info/termList/bookFormat/1002
=500  \\$aSignatures: [A]² (-A2) B-D⁴ chi² (-chi2)
=510  4\$aFerguson, J.A. Bibliography of Australia,$c116
=650  \0$aTransportation of convicts$zAustralia$zNew South Wales$vEarly works to 1800.
=650  \0$aPrisoners$zAustralia$zNew South Wales$vEarly works to 1800.
=651  \0$aNew South Wales$xDescription and travel$vEarly works to 1800.
=651  \0$aNorfolk Island$xDescription and travel$vEarly works to 1800.
=700  1\$aSydney, Thomas Townshend,$cViscount,$d1733-1800$erecipient.
=700  12$aKing, Philip Gidley,$d1758-1808.$tDescription of Norfolk Island.
=700  1\$aDebrett, John,$d-1822,$eprinter.
=909  \\$acat$bMNU$c2017-12-27$dm-mccl
=913  \\$avb16
=997  \\$a220143073
=998  \\$aLDR:01963cam#a2200421Ii#4500
=998  \\$b008:830824s1791####enk###########000#0#eng#d

