=LDR  02416cam a2200529Ii 4500
=001  9975626298201701
=005  20180724141923.0
=008  060220s1791\\\\enk\\\\\\\\\\\000\0\eng\d
=029  0\$aNZ1$b10782073
=029  1\$aNZ1$b1176655
=035  \\$aB1195
=035  \\$a(OCoLC)166310550
=040  \\$aNZ1$beng$erda$edcrmb$cNZ1$dOCLCG$dOCLCA$dOCLCQ$dOCLCO$dOCLCQ$dMNU
=043  \\$an-usp--$ar------
=049  \\$aMNUA
=050  \4$aF851
=099  \9$a1791 Me
=100  1\$aMeares, John,$d1756?-1809$eauthor.
=245  13$aAn answer to Mr. George Dixon, late commander of the Queen Charlotte, in the service of Messrs. Etches and Company /$cby John Meares, Esq. ; In which the Remarks of Mr. Dixon on the Voyages to the north west coast of America, &c. lately published, are fully considered and refuted.
=264  \1$aLondon :$bPrinted at the Logographic Press and sold by J. Walter, no. 169, Piccadilly, opposite Old Bond Street,$cMDCCXCI [1791]
=300  \\$a32 pages ;$c30 cm (4to)
=336  \\$atext$btxt$2rdacontent
=337  \\$aunmediated$bn$2rdamedia
=338  \\$avolume$bnc$2rdacarrier
=340  \\$m4to$0http://rdaregistry.info/termList/bookFormat/1002
=500  \\$aPrinted on wove paper.
=500  \\$aPress figures.
=510  4\$aEnglish short title catalogue,$ct98965
=600  10$aDixon, George,$d-1800?$tRemarks on the voyages of John Meares, Esq.
=600  10$aMeares, John,$d1756?-1809.$tVoyages made in the years 1788 and 1789, from China to the north west coast of America.
=600  10$aMeares, John,$d1756?-1809$xTravel.
=600  10$aDixon, George,$d-1800?$xTravel.
=650  \0$aVoyages and travels$vEarly works to 1800.
=650  \0$aFur trade$zNorthwest Coast of North America$vEarly works to 1800.
=651  \0$aNorthwest Passage$xDiscovery and exploration$xBritish$vEarly works to 1800.
=651  \0$aNorthwest Coast of North America$xDiscovery and exploration$xBritish$vEarly works to 1800.
=655  \7$aAddresses.$2rbgenr
=655  \7$aExploration literature.$2rbgenr
=655  \7$aWatermarks (Paper)$zNetherlands$y18th century.$2rbpap
=700  1\$aWalter, John,$d1739-1812,$ebookseller.
=710  2\$aLogographic Press,$eprinter.
=752  \\$aEngland$dLondon.
=909  \\$acat$bMNU$c2017-12-22$dm-mccl
=913  \\$avb16
=997  \\$a166310550
=998  \\$aLDR:02288cam#a2200493Ii#4500
=998  \\$b008:060220s1791####enk###########000#0#eng#d

