=LDR  02675cam a2200493Ii 4500
=001  9975626298501701
=005  20180724141924.0
=008  870508m17911792ne\ab\\\\\\\\\000\0\dut\d
=035  \\$aMB4603
=035  \\$a(OCoLC)1000992935
=040  \\$aUEJ$beng$erda$edcrmb$cUEJ$dOCLCF$dOCLCO$dMNU
=041  1\$adut$hfre
=043  \\$ae-urs--
=049  \\$aMNUA
=050  \4$aDK754$b.L632
=099  \9$a1791 Le
=100  1\$aLesseps, Jean-Baptiste-Barthélemy,$cbaron de,$d1766-1834,$eauthor.
=245  10$aHistorisch dagverhaal der reize van den heer de Lesseps :$bzedert het verlaaten van den her graaf de La Perouse en zijne togtgenooten in de haven van St. Pieter & Paulus op Kamschatka, tot op zijne komst in Frankrijk, den 17 October 1788 ; naar het Fransch.
=264  \1$aTe Utrecht :$bby B. Wild en J. Altheer,$c1791-1792.
=300  \\$a2 volumes :$billustrations, 2 folded maps, music ;$c23 cm (8vo)
=336  \\$atext$btxt$2rdacontent
=337  \\$aunmediated$bn$2rdamedia
=338  \\$avolume$bnc$2rdacarrier
=340  \\$m8vo$0http://rdaregistry.info/termList/bookFormat/1003
=500  \\$aTranslation of: Journal historique voyage de M. de Lesseps ... employé dans l'expédition de m. le comte de La Pérouse ... depuis l'instant où il a quitté les frégates françoises au port Saint-Pierre & Saint-Paul du Kamtschatka, jusqu'à son arrivée en France, le 17 octobre 1788 ...
=500  \\$aVolume 1: VIII, 241, [1] pages, [2] folded leaves of plates ; volume 2: [2], 347, [1] pages, [1] folded leaf of plates.
=500  \\$aWoordenboek der Kamschatsche, Koriaksche, Tchouktchisce en Lamoutsche Taalen (volume 2, pages 317-341) and Woordenboek der Kamschatsche Taal (volume 2, page 342-347) each including Dutch and Russian equivalents.
=500  \\$aFinal page in each volume blank.
=500  \\$aTitle vignettes and head-pieces.
=651  \0$aSiberia (Russia)$xDescription and travel$y18th century.
=651  \0$aKamchatka Peninsula (Russia)$xDescription and travel$y18th century.
=651  \0$aSiberia (Russia)$xLanguages.
=650  \7$aLanguage and languages$2fast$0(OCoLC)fst00992154
=650  \7$aTravel$2fast$0(OCoLC)fst01155558
=651  \7$aRussia (Federation)$zKamchatka Peninsula$2fast$0(OCoLC)fst01244918
=651  \7$aRussia (Federation)$zSiberia$2fast$0(OCoLC)fst01243666
=648  \7$a1700-1799$2fast
=700  1\$aWild, B.,$dactive 1791-1792,$eprinter.
=700  1\$aAltheer, Johannes,$dapproximately 1760-1840$eprinter.
=909  \\$acat$bMNU$c2017-12-22$dm-mccl
=913  \\$avb16
=997  \\$a1000992935
=998  \\$aLDR:02609cam#a2200457Ii#4500
=998  \\$b008:870508m17911792ne#ab#########000#0#dut#d

