=LDR  02188cam a2200493Ii 4500
=001  9975626398301701
=005  20180724141935.0
=008  870521s1791\\\\fr\abf\\\\\\\\000\0\fre\d
=035  \\$aMB1619
=035  \\$a(OCoLC)123169816
=040  \\$aSTF$beng$erda$edcrmb$cSTF$dQE2$dOCLCO$dOCLCQ$dOCLCF$dOCL$dMNU
=041  1\$afre$hdut
=043  \\$an-gl---$ae-no---
=049  \\$aMNUA
=050  14$aSH211$b.H66 1791-1801
=099  \9$a1791 Res
=100  1\$aJong, Dirk de,$eauthor.
=245  10$aHistoire des pêches, des découvertes et des établissemens des hollandois dans les mers du nord /$couvrage traduit du hollandois ... par m. Bernard de Reste ...
=264  \1$aA Paris :$bChez Nyon l'aîné & fils, Libraires, rue du Jardinet,$cMDCCXCI [1791].
=300  \\$a3 volumes, [28] leaves of plates (21 folded)  :$billustrations ( some folded), folded maps ;$c20 cm (8vo)
=336  \\$atext$btxt$2rdacontent
=337  \\$aunmediated$bn$2rdamedia
=338  \\$avolume$bnc$2rdacarrier
=340  \\$m8vo$0http://rdaregistry.info/termList/bookFormat/1003
=500  \\$aImprint, volumes 2-3: Chez la Ve. Nyon, Libraire, rue du Jardinet, no. 2, An IX de la République.
=500  \\$aTitle vignettes, head- and tail-pieces.
=500  \\$aTranslation of "Nieuwe beschryving der walvisvangst en haringvisschery" by D. de Jong, H. Kobel and M. Salieth, Amsterdam, 1791. cf. Cornell Univ. Cat. of Icelandic collection.
=650  \0$aWhaling.
=651  \0$aGreenland.
=651  \0$aNorway.
=650  \0$aAtlantic herring fisheries.
=650  \7$aPacific herring fisheries$2fast$0(OCoLC)fst01202096
=650  \7$aAtlantic herring fisheries.$2fast$0(OCoLC)fst01202097
=650  \7$aWhaling.$2fast$0(OCoLC)fst01174284
=651  \7$aGreenland$2fast$0(OCoLC)fst01205290
=700  1\$aKobell, Hendrik,$d1751-1779,$eauthor.
=700  1\$aSallieth, Mathias de,$d1749-1791,$eauthor.
=700  1\$aReste, Bernard de,$etranslator.
=700  1\$aNyon, Jean-Luc,$d-1799,$ebookseller.
=909  \\$acat$bMNU$c2017-12-29$dm-mccl$eori
=913  \\$avb16
=997  \\$a123169816
=998  \\$aLDR:02096cam#a2200457Ii#4500
=998  \\$b008:870521s1791####fr#abf########000#0#fre#d

