=LDR  01401nam a2200373Ii 4500
=001  9975626400001701
=005  20180724141939.0
=008  171228s1791\\\\ne\\\\\\\\\\\\000\0\dut\d
=035  \\$aMB893
=035  \\$a(OCoLC)1017492700
=040  \\$aMNU$beng$erda$edcrmb$cMNU
=043  \\$anw-----
=049  \\$aMNUA
=099  \9$a1791 Re
=245  00$aReflexien over de jegenswoordige situatie van de Oost-Indische Compagnie, mitsgaders over het thans intevoerene bestuur der West-Indische Coloniën.
=264  \1$a[Netherlands?] :$b[publisher not identified],$c[1791]
=300  \\$a[6], 32 pages ;$c23 cm (8vo)
=336  \\$atext$btxt$2rdacontent
=337  \\$aunmediated$bn$2rdamedia
=338  \\$avolume$bnc$2rdacarrier
=340  \\$m8vo$0http://rdaregistry.info/termList/bookFormat/1003
=500  \\$aForeward dated: Aug. 1791.
=500  \\$aSignatures: A-B⁸ C⁴.
=500  \\$aFinal leaf is blank.
=500  \\$aFirst gathering is signed *1, *2, *3, A4, A5, followed by 3 unsigned leaves.
=500  \\$aTail-piece.
=500  \\$aAt foot of title: Alom te bekomen
=610  20$aEast India Company$vEarly works to 1800.
=651  \0$aWest Indies$xColonies$xAdministration$vEarly works to 1800.
=909  \\$acat$bMNU$c2017-12-28$dm-mccl$eori
=913  \\$avb13
=997  \\$a1017492700
=998  \\$aLDR:01286nam#a2200337Ii#4500
=998  \\$b008:171228s1791####ne############000#0#dut#d

