=LDR  01713cam a2200409 i 4500
=001  9975626401801701
=005  20180724141921.0
=008  820119s1791\\\\fr\\\\\\\\\\\\000\0\fre\\
=010  \\$a   11020368 
=035  \\$aMB5187
=035  \\$a(OCoLC)884568969
=040  \\$aDLC$beng$erda$edcrmb$cDLC$dOCLCO$dOCLCF$dOCLCQ$dOCLCA$dMNU
=043  \\$anw-----
=049  \\$aMNUA
=050  00$aE446$b.B85
=099  \9$a1791 Mor
=100  1\$aMoreau de Saint-Méry, M. L. E.$q(Médéric Louis Elie),$d1750-1819,$eauthor.
=245  10$aConsidérations présentées aux vrais amis du repos et du bonheur de la France, à l'occasion des nouveaux mouvemens de quelques soi-disant amis-des-noirs /$bpar M.L.E. Moreau de Saint-Méry, député de la Martinique à l'Assemblée nationale ; premier Mars mil sept cent quatre-vingt-onze.
=264  \1$aÀ Paris :$bDe l'Imprimerie nationale,$c1791.
=300  \\$a[2], 74 p. ;$c21 cm (8vo)
=336  \\$atext$btxt$2rdacontent
=337  \\$aunmediated$bn$2rdamedia
=338  \\$avolume$bnc$2rdacarrier
=340  \\$m8vo$0http://rdaregistry.info/termList/bookFormat/1003
=500  \\$aSignatures: A-D⁸ E⁴ F1.
=510  4\$aSowerby, E.M. Cat. of the lib. of Thomas Jefferson,$c1391
=650  \0$aSlavery$vEarly works to 1800.
=650  \0$aSlavery$zWest Indies$vEarly works to 1800.
=650  \7$aSlavery.$2fast$0(OCoLC)fst01120426
=651  \7$aWest Indies$2fast$0(OCoLC)fst01243265
=655  \7$aEarly works.$2fast$0(OCoLC)fst01411636
=752  \\$aFrance$dParis.
=909  \\$acat$bMNU$c2017-12-27$dm-mccl
=913  \\$avb16
=997  \\$a884568969
=998  \\$aLDR:01673cam#a2200373#i#4500
=998  \\$b008:820119s1791####fr############000#0#fre##

