=LDR  01640cam a2200421Ii 4500
=001  9975626406801701
=005  20180724141930.0
=008  980803s1791\\\\fr\\\\\\\\\\\\000\0\fre\d
=035  \\$aMB6512
=035  \\$a(OCoLC)78138135
=040  \\$aRPJCB$beng$erda$edcrmb$cRBN$dOCLCG$dOCLCO$dOCLCQ$dOCLCF$dOCLCQ$dMNU
=043  \\$ae-fr---$an-us---
=049  \\$aMNUA
=099  \9$a1791 Mal
=100  1\$aMalouet, Pierre-Victor,$cbaron,$d1740-1814,$eauthor.
=245  10$aOpinion de M. Malouet, sur le projet de décret relatif à l'état des personnes dans les colonies. :$bSéance du 10 mai.
=264  \1$a[Paris?] :$b[publisher not identified],$c[1791?]
=300  \\$a16 pages ;$c20 cm (8vo)
=336  \\$atext$btxt$2rdacontent
=337  \\$aunmediated$bn$2rdamedia
=338  \\$avolume$bnc$2rdacarrier
=340  \\$m8vo$0http://rdaregistry.info/termList/bookFormat/1003
=500  \\$aCaption title.
=500  \\$aDate of publication from Martin & Walter.
=500  \\$aSignatures: A⁸
=500  \\$aHead- and tail-pieces.
=520  \\$aMalouet urges moderation in extending autonomy to the French colonies in America.
=510  4\$aBibliothèque nationale (France). Catalogue de l'histoire de la Révolution française,$c22700
=651  \0$aFrance$xColonies$zAmerica.
=650  \7$aFrench colonies.$2fast$0(OCoLC)fst01930852
=651  \7$aAmerica$2fast$0(OCoLC)fst01239786
=653  \\$aImprint 1791
=752  \\$aFrance$dParis.
=909  \\$acat$bMNU$c2017-12-20$dm-mccl
=913  \\$avb16
=997  \\$a78138135
=998  \\$aLDR:01561cam#a2200385Ii#4500
=998  \\$b008:980803s1791####fr############000#0#fre#d

