=LDR  03282cam a2200745Ii 4500
=001  9975626407001701
=005  20180724141930.0
=008  790717s1791\\\\sp\abf\\\\\\\\000\0\spa\\
=010  \\$a   06009128 
=035  \\$aMB2886
=035  \\$a(OCoLC)717170
=040  \\$aDLC$beng$erda$edcrmb$cUUM$dDLC$dDIBAM$dOCLCQ$dCUS$dOCLCF$dOCLCQ$dOCLCO$dNTE$dOCLCA$dMNU
=043  \\$as-cl---$apo-----
=049  \\$aMNUA
=050  00$aF3146$b.G64
=082  \4$a983.3
=099  \9$a1791 Gon
=100  1\$aGonzález de Agüeros, Pedro,$eauthor.
=245  10$aDescripcion historial de la provincia y archipielago de Chilóe, en el reyno de Chile, y óbispado de la Concepcion:$bdedicada á nuestro católico monarco Don Cárlos IV. (que Dios guarde) /$cpor el Padre Fray Pedro Gonzalez de Agueros ...
=264  \1$a[Madrid] :$bEn la Imprenta de Don Benito Cano,$cAñ̃o de MDCCXCI [1791]
=300  \\$a[8], 318 pages, [2] leaves of plates (1 folded) :$billustration, map ;$c22 cm (4to)
=336  \\$atext$btxt$2rdacontent
=337  \\$aunmediated$bn$2rdamedia
=338  \\$avolume$bnc$2rdacarrier
=340  \\$m4to$0http://rdaregistry.info/termList/bookFormat/1002
=500  \\$aNoticias prácticas, é individuales de las islas nombradas vulgarmente de Otahiti ó Carolinas ... : p. 251-314.
=500  \\$aSmall title-page ornament; initials.
=500  \\$aSignatures: *⁴ A⁴ C-Ss⁴ Tt².
=500  \\$aErrata, page 318.
=510  4\$aSabin, J. Dictionary of books relating to America from its discovery to the present time,$c27822
=510  4\$aPalau y Dulcet, A. Manual del librero hispano-americano (2. ed.),$c104963
=510  4\$aO'Reilly & Reitman,$c7143
=651  \0$aChiloé (Chile)$xHistory.
=651  \0$aChiloé (Chile)$xSocial life and customs.
=650  \0$aMissions$zChile$zChiloé.
=610  20$aFranciscans$zChile.
=651  \0$aOceania.
=651  \0$aTahiti (French Polynesia : Island)$xDiscovery and exploration.
=610  27$aFranciscans$2fast$0(OCoLC)fst00530004
=650  \7$aDiscoveries in geography$2fast$0(OCoLC)fst00894950
=650  \7$aManners and customs$2fast$0(OCoLC)fst01007815
=650  \7$aMissions$2fast$0(OCoLC)fst01023771
=651  \7$aChile$2fast$0(OCoLC)fst01205362
=651  \7$aChile$zChilo$2fast$0(OCoLC)fst01212680
=651  \7$aFrench Polynesia$zTahiti (Island)$2fast$0(OCoLC)fst01729331
=651  \7$aOceania$2fast$0(OCoLC)fst01242982
=600  17$aIGLESIA CATOLICA$zCHILE.$2renib
=650  \7$aMAPUCHES.$2renib
=650  \7$aCOSTUMBRE INDIGENAS.$2renib
=650  \7$aFAUNA DE ISLAS.$2renib
=650  \7$aFLORA DE ISLAS$zCHILE.$2renib
=650  \7$aINDIOS$xGUERRAS.$2renib
=650  \7$aISLAS$zCHILE.$2renib
=651  \7$aCHILE$xHISTORIA$yDESCUBRIMIENTO Y CONQUISTA, 1536-1561.$2renib
=651  \7$aCHILOE (CHILE : PROVINCIA)$xCOMERCIO.$2renib
=651  \7$aCHILOE (CHILE : PROVINCIA)$xDESCRIPCION.$2renib
=651  \7$aCHILOE (CHILE : PROVINCIA)$xHISTORIA.$2renib
=655  \7$aHistory.$2fast$0(OCoLC)fst01411628
=700  1\$aCano, Benito,$eprinter.
=752  \\$aSpain$dMadrid.
=909  \\$acat$bMNU$c2017-12-20$dm-mccl
=913  \\$avb16
=997  \\$a717170
=998  \\$aLDR:03280cam#a2200709Ii#4500
=998  \\$b008:790717s1791####sp#abf########000#0#spa##

