=LDR  02651cam a2200529Ia 4500
=001  9975626441501701
=005  20180105162148.0
=008  830926s1795\\\\nhu\\\\\\\\\\\000\1\eng\d
=035  \\$a(OCoLC)208060512
=035  \\$aMB9
=040  \\$aAQM$beng$ebdrb$cAQM$dOCLCG$dOCLCQ$dOCLCF$dOCLCO$dOCLCQ$dMNU
=043  \\$an-usp--
=049  \\$aMNUA
=050  \4$aZ1215
=099  \9$a1795 De
=100  1\$aDecalves, Alonso,$eauthor.
=240  10$aNew travels to the westward
=245  10$aTravels to the westward or the unknown parts of America: in the years 1786 & 1787. :$bContaining an account of the country to the westward of the river Missisippi [sic], its productions, animals, inhabitants, curiosities, &c. &c. /$cBy Alonso Decalves.
=250  \\$aThe second edition.
=260  \\$a[Keene, N.H.] :$bPrinted [by Cornelius Sturtevant, Jr. and Company] in Keene, Newhampshire; for the purchaser.,$c1795.
=300  \\$av, [2], 8-35, [1] pages ;$c19 cm (12mo)
=336  \\$atext$btxt$2rdacontent
=337  \\$aunmediated$bn$2rdamedia
=338  \\$avolume$bnc$2rdacarrier
=340  \\$m12mo$0http://rdaregistry.info/termList/bookFormat/1004
=500  \\$aFictitious account of an overland trip from New Orleans to the Northwest coast. The account of John Vandelure's captivity among the Indians is, however, based on fact.
=500  \\$aOriginally published under title: New travels to the westward, or, unknown parts of America.
=500  \\$aAscribed to the press of Cornelius Sturtevant, Jr., and Company by Evans. Shipton & Mooney report that Evans' entry 28547, describing a "Second Keene edition" printed by Henry Blake & Co., is a ghost of this edition.
=500  \\$aSignatures: A-C⁶ (C6 verso blank).
=510  4\$aEvans, C. American bibliography$c28548
=510  4\$aEvans, C. American bibliography$c28547
=600  10$aVandelure, John.
=650  \0$aIndian captivities$vEarly works to 1800
=651  \0$aWest (U.S.)$xDescription and travel$vEarly works to 1800.
=600  17$aVandelure, John.$2fast$0(OCoLC)fst00269972
=650  \7$aIndian captivities$2fast$0(OCoLC)fst00969063
=650  \7$aTravel$2fast$0(OCoLC)fst01155558
=651  \7$aWest United States$2fast$0(OCoLC)fst01243255
=655  \7$aImaginary voyages.$2rbgenr
=655  \7$aCaptivity narratives.$2rbgenr
=700  1\$aSturtevant, Cornelius,$d1771-1821,$eprinter.
=700  1\$aSturtevant, Elias,$d1769-$eprinter.
=700  1\$aWilder, Abijah,$d1750-1835,$eprinter.
=752  \\$aUnited States$bNew Hampshire$dKeene.
=997  \\$a208060512
=998  \\$aLDR:02568cam#a2200505Ia#4500
=998  \\$b008:830926s1795####nhu###########000#1#eng#d

