=LDR  01842nam a2200421 i 4500
=001  9946051780001701
=005  20170403024827.0
=008  131209s1628\\\\it\\\\\\\\\\\\000\0\ita\d
=035  \\$a(Aleph)006649034UMN01
=035  \\$aMB20014
=035  \\$a(OCoLC)859185786
=040  \\$aMnU$beng$erda$edcrmb$cMnU
=099  \9$a1628 Br
=100  1\$aGómez, Pedro,$d1533-1600,$eauthor.
=245  10$aBreve racconto della vita e martirio di tre religiosi della compagnia di Gesù, crocisissi nel Giappone l'anno 1597 :$bcon l'aggiunta di varij segni miracolosi, occorsi dopo il loro felice martirio, cauati dalla quarta parte delle croniche de S. Francesco : et dalla Santità di N.S. Papa Urbano Ottavo à 15. di Settembre 1627. Dichiarati Martiri Beati.
=264  \1$aBologna :$bpresso Clemente Ferroni,$c1628.
=300  \\$a12 unnumbered pages ;$c20 cm (12mo)
=336  \\$atext$btxt$2rdacontent
=337  \\$aunmediated$bn$2rdamedia
=338  \\$avolume$bnc$2rdacarrier
=340  \\$m12mo$0http://rdaregistry.info/termList/bookFormat/1004
=500  \\$aAccount written by P. Pedro Gomez, Vice-Provincial of the Jesuits in Japan. Cf. Streit.
=500  \\$aWoodcut Jesuit device on title page.
=500  \\$aSignatures: A⁶; A1 unsigned.
=510  4\$aStreit$cvol. 5, no. 1421.
=600  10$aMiki, Paul,$cSaint,$d1564-1597.
=600  10$aKisai, James,$cSaint,$d1533-1597.
=600  10$aGoto, John Soan de,$cSaint,$d1578-1597.
=610  20$aJesuits$zJapan$y16th century.
=610  20$aJesuits$vEarly works to 1800.
=650  \0$aChristian martyrs$zJapan$vEarly works to 1800.
=700  1\$aFerroni, Clemente,$d-1642,$eprinter.
=926  \\$aMARS
=967  \\$ascs20170325
=968  \\$aRDA ENRICHED
=997  \\$a859185786
=998  \\$aLDR:01772nam#a2200397#i#4500
=998  \\$b008:131209s1628####it############000#0#ita#d

