=LDR  02032nam a2200445Ii 4500
=001  9975694609501701
=005  20180816161022.0
=008  180612m17991801gw\abcf\\\\\\\000\0\fre\\
=035  \\$aMB4376
=035  \\$a(OCoLC)1039897203
=040  \\$aMNU$beng$erda$edcrmb$cMNU
=041  1\$afre$hger
=043  \\$ae-un---$ae-ur---
=050  \4$aDK509$b.P153 1799
=099  \9$a1799 fPa
=100  1\$aPallas, Peter Simon,$d1741-1811$eauthor.
=240  10$aBemerkungen auf einer Reise in die südlichen Statthalterschaften des Russischen Reichs in den Jahren 1793 und 1794.$lFrench
=245  10$aObservations faites dans un voyage entrepris dans les gouvernements méridionaux de l'empire de Russie, dans les années 1793 et 1794 /$cpar P.S. Pallas ... ; traduit de l'Allemand ... ; avec planches enlumineés.
=264  \1$aLeipzig :$bChez Godefroi Martini, Libraire,$c1799-1801.
=300  \\$a2 volumes ;$c28 cm (4to) +$eatlas (25, 27, iii leaves of plates :  illustrations (chiefly colored), maps, portraits ; 42 x 26 cm)
=336  \\$atext$btxt$2rdacontent
=337  \\$aunmediated$bn$2rdamedia
=338  \\$avolume$bnc$2rdacarrier
=340  \\$m4to$0http://rdaregistry.info/termList/bookFormat/1002
=500  \\$aPaging: volume 1: xxxii, 438 pages; volume 2: xx, 452 pages.
=500  \\$aLists of subscribers: volume 1, pages [ix]-xx; volume 2: pages [iii]-vi.
=500  \\$aEngraved head- and tail-pieces.
=500  \\$a"Avertissement:" volume 2, pages [viii]-x.
=500  \\$a"Additions:" volume 2, pages [449]-452.
=651  \0$aRussia, Southern$xDescription and travel.
=651  \0$aCrimea (Ukraine)$xDescription and travel.
=650  \7$aTravel$2fast$0(OCoLC)fst01155558
=651  \7$aSouthern Russia$2fast$0(OCoLC)fst01692670
=651  \7$aUkraine$zCrimea$2fast$0(OCoLC)fst01265017
=909  \\$acat$bMNU$c2018-06-12$dm-mccl$eori
=913  \\$avb16
=981  \\$cTWILS$dBELL
=997  \\$a1039897203
=998  \\$aLDR:01930nam#a2200409Ii#4500
=998  \\$b008:180612m17991801gw#abcf#######000#0#fre##

