=LDR  01419cam a2200385Ii 4500
=001  9975696603301701
=005  20180816161024.0
=008  990406s1797\\\\fr\\\\\\\\\\\\000\0\fre\d
=035  \\$aMB5659
=035  \\$a(OCoLC)41111060
=040  \\$aNYP$beng$cNYP$dDIBAM$dOCLCG$dOCLCQ$dMNU
=043  \\$anwht---
=049  \\$aMNUA
=099  \9$a1797 Ra
=100  1\$aRallier, Louis Antoine Esprit,$d1749-1829,$eauthor.
=245  10$aObservations sur Saint-Domingue /$cpar Rallier, député d'ille et vilaine, membre du conseil des anciens.
=264  \1$aA Paris :$bDe l'imprimerie nationale,$cVentôse, an 5 [1797]
=300  \\$a31 pages ;$c19 cm (8vo)
=336  \\$atext$btxt$2rdacontent
=337  \\$aunmediated$bn$2rdamedia
=338  \\$avolume$bnc$2rdacarrier
=340  \\$m8vo$0http://rdaregistry.info/termList/bookFormat/1003
=500  \\$aCaption title.
=500  \\$aPublication information from colophon.
=500  \\$aSignatures: A-B⁸
=510  4\$aSabin, J. Dictionary of books relating to America from its discovery to the present time,$c67604
=541  \\$e601700.
=651  \0$aHaiti$xHistory$yRevolution, 1791-1804.
=651  \4$aHaiti$xHistory$yRevolution, 1791-1804
=651  \7$aHAITI$xHISTORIA.$2renib
=909  \\$acat$bMNU$c2018-03-06$dm-mccl
=913  \\$avb16
=997  \\$a41111060
=998  \\$aLDR:01315cam#a2200349Ii#4500
=998  \\$b008:990406s1797####fr############000#0#fre#d

