=LDR  02871nam a2200445Ii 4500
=001  9975697009401701
=005  20180816161026.0
=008  180306s1797\\\\fr\bf\\\\\\\\\000\0\fre\d
=035  \\$aMB3096
=035  \\$a(OCoLC)1027710655
=040  \\$aMNU$beng$erda$edcrmb$cMNU
=043  \\$ae-urk--$ae-un---$ae-ur---
=049  \\$aMNUA
=099  \9$a1797 Mem
=100  1\$aEllis, George,$d1753-1815,$eauthor.
=245  10$aMémoires historiques et géographiques sur les pays situés entre la Mer Noire et la Mer Caspienne :$bcontenant des détails nouveaux sur les peuples qui les habitent, des observations relatives à la topographie ancienne et moderne de cette contrée : avec un vocabulaire des dialectes du Caucase et deux cartes géographiques, auxquels on a joint un Voyage en Crimée et dans les parties meridionales de l'empire russe.
=264  \0$aA Paris :$bChez H.J. Jansen, Imprimeur-Libraire, rue des Pères, F.G., No. 1195; Perronneau, Imprimeur-Libraire, rue des Grand-Augustins, No. 14,$cL'an V de la république (1797 v. st.)
=300  \\$a[4],150, 98 pages, [2] folded leaves of plates :$bmaps ;$c30 cm (4to)
=336  \\$atext$btxt$2rdacontent
=337  \\$aunmediated$bn$2rdamedia
=338  \\$avolume$bnc$2rdacarrier
=340  \\$m4to$0http://rdaregistry.info/termList/bookFormat/1002
=500  \\$aEdited by Baron C. de Baert-Duholant.
=500  \\$aThe word Chez appears once with the publishers' names bracketed following.
=505  0\$aDescription des pays situés entre la mer Noire et la mer Caspienne / M. de Sainte-Croix -- Vocabulaire des dialectes du Mont Caucase -- Mémoire sur le cours de l'Araxe et du Cyrus. Eclaircissement sur les Pyles Caucasiennes et Caspiennes. Analyse de la carte du course de l'Araxe et du Cyrus / [C. Baert-Duholant] -- Mémoire extrait du journal d'un voyage fait, au printems [sic] de 1784, dans la partie méridionale de la Russie / [George Ellis ; translated by Pierre de Lamontagne].
=651  \0$aCaucasus$xDescription and travel$vEarly works to 1800.
=651  \0$aUkraine$xDescription and travel$vEarly works to 1800.
=651  \0$aRussia, Southern$xDescription and travel$vEarly works to 1800.
=650  \7$aTravel$2fast$0(OCoLC)fst01155558
=651  \7$aCaucasus$2fast$0(OCoLC)fst01244425
=651  \7$aSouthern Russia$2fast$0(OCoLC)fst01692670
=651  \7$aUkraine$2fast$0(OCoLC)fst01211738
=655  \7$aEarly works.$2fast$0(OCoLC)fst01411636
=700  1\$aSainte-Croix, Guillaume-Emmanuel-Joseph Guilhem de Clermont-Lodève,$cbaron de,$d1746-1809,$eauthor.
=700  1\$aBaert-Duholant, Charles-Alexandre-Balthazar-François de Paule,$cbaron de,$d1751-1825,$eauthor.
=909  \\$acat$bMNU$c2018-03-06$dm-mccl$eori
=913  \\$avb16
=997  \\$a1027710655
=998  \\$aLDR:02841nam#a2200409Ii#4500
=998  \\$b008:180306s1797####fr#bf#########000#0#fre#d

