=LDR  01741nam a2200445 a 4500
=001  9914811800001701
=005  20170328052754.0
=008  110301s1770\\\\ne\\\\\\\\\\\\000\0\fre\d
=035  \\$a(Aleph)005989378UMN01
=035  \\$aMB6556
=035  \\$a(OCoLC)6154238
=040  \\$aMnU$edcrmb$cMnU
=043  \\$an------$aa-io---
=050  \4$aHB151
=099  \9$a1770 Ray
=100  1\$aRaynal,$cabbé$q(Guillaume-Thomas-François),$d1713-1796.
=240  10$aHistoire philosophique et politique des établissemens et du commerce des Européens dans les deux Indes
=245  10$aHistoire philosophique et politique, des établissemens & du commerce des Européens dans les deux Indes.
=260  \\$aA Amsterdam :$b[publisher not identified],$cMDCCLXX [1770]
=300  \\$a6 volumes ;$c20 cm (8vo)
=336  \\$atext$btxt$2rdacontent
=337  \\$aunmediated$bn$2rdamedia
=338  \\$avolume$bnc$2rdacarrier
=340  \\$m8vo$0http://rdaregistry.info/termList/bookFormat/1003
=500  \\$aAttributed to the abbé Raynal--Cf. NUC Pre-56.
=500  \\$aWoodcuts: head-pieces; initials.
=500  \\$aErrata at the end of each volume except volume 6.
=510  4\$aSabin$c68080
=650  \0$aColonization$xHistory$vEarly works to 1800.
=650  \0$aCommerce$xHistory$vEarly works to 1800.
=651  \0$aEast Indies$vEarly works to 1800.
=651  \0$aWest Indies$vEarly works to 1800.
=651  \0$aAmerica$xDiscovery and exploration$vEarly works to 1800.
=700  1\$aAdams, Mary,$dactive 1814-1815,$eformer owner.$5MnU
=926  \\$aMARS
=967  \\$ascs20170325
=968  \\$aRDA ENRICHED
=997  \\$a6154238
=998  \\$aLDR:01691nam#a2200421#a#4500
=998  \\$b008:110301s1770####ne############000#0#fre#d

