=LDR  01188cam a2200325 a 4500
=001  9914829520001701
=005  20170328052904.0
=008  970701s1770\\\\it\\\\\\\\\\\\000\0\ita\d
=035  \\$a(Aleph)005989347UMN01
=035  \\$aMB6555
=035  \\$a(OCoLC)457443906
=040  \\$aBDF$bfre$cBDF$dMnU
=099  \9$a1770 Ra
=100  1\$aRadoteur,$cCapitano.
=245  10$aRelazione d'una nuova generazione d'uomini scoperta dal capitano Radoteur presso il fiume Marannon ossia della Amazzoni da lui scritta a 'un suo amico e trasportata dal franzese in italiano.
=260  \\$aIn Bergamo :$bPer Francesco Locatelli,$cMDCCLXX [1770]
=300  \\$a42 pages ;$c22 cm (8vo)
=336  \\$atext$btxt$2rdacontent
=337  \\$aunmediated$bn$2rdamedia
=338  \\$avolume$bnc$2rdacarrier
=340  \\$m8vo$0http://rdaregistry.info/termList/bookFormat/1003
=650  \0$aVoyages, Imaginary$vEarly works to 1800.
=700  1\$aLocatelli Lanzi, Francesco,$d1687-$epublisher.
=926  \\$aMARS
=967  \\$ascs20170325
=968  \\$aRDA ENRICHED
=997  \\$a457443906
=998  \\$aLDR:01090cam#a2200301#a#4500
=998  \\$b008:970701s1770####it############000#0#ita#d
=999  \\$aZ39$bOCLC

