=LDR  02272cam a2200541 a 4500
=001  9914974960001701
=005  20170328053320.0
=008  830419s1783\\\\enk\\\\\\\\\\\000\0\eng\\
=010  \\$a   08010944 
=035  \\$a(Aleph)006448125UMN01
=035  \\$aMB6445
=035  \\$a(OCoLC)12276093
=040  \\$aDLC$edcrmb$beng$cDLC$dCLO$dCLA$dOCLCQ$dOCLCG$dCUS$dKRTAS$dAMAZN$dOCLCO$dMNU
=043  \\$ae-uk---$an-us---
=049  \\$aMNUA
=050  00$aE211$b.P696
=050  14$aD297$b.P47 1783
=051  \\$aE211$b.P696 Copy 2$cLC copy with half title.
=082  04$a327.42
=099  \9$a1783 Pi
=100  1\$aPitt, William,$d1759-1806.
=245  14$aThe speech of the Right Honourable Wiliam [sic] Pitt, in the House of Commons on February 21, 1783.
=246  1\$iHalf-title:$aSpeech of the Right Honourable William Pitt.
=260  \\$aLondon :$bPrinted for J. Debrett (successor to Mr. Almon) opposite Burlington-House, Piccadilly,$cMDCCLXXXIII [1783]
=300  \\$a39 pages, 1 unnumbered page ;$c21 cm (8vo)
=336  \\$atext$btxt$2rdacontent
=337  \\$aunmediated$bn$2rdamedia
=338  \\$avolume$bnc$2rdacarrier
=340  \\$m8vo$0http://rdaregistry.info/termList/bookFormat/1003
=500  \\$aA speech on the treaties with France, Spain, and the United States.
=500  \\$aSignatures: [A]⁴ B-E⁴.
=500  \\$aPublisher's advertisement: page [1] at end.
=500  \\$aLC copy imperfect: half-title wanting.$5DLC
=510  4\$aESTC$cT929
=510  4\$aSabin$c63096
=530  \\$aAlso issued online.
=630  00$aProvisional Articles of Peace Between Great Britain and the United States$d(1782 November 30)
=651  \0$aGreat Britain$xForeign relations$y1760-1820.
=700  1\$aDebrett, John,$d-1822,$ebookseller.
=710  2\$aPre-1801 Imprint Collection (Library of Congress)$5DLC
=752  \\$aEngland$dLondon.
=776  08$iOnline version:$aPitt, William, 1759-1806.$tSpeech of the Right Honourable William Pitt, in the House of Commons on February 21, 1783.$dLondon : Printed for J. Debrett ..., 1783$w(OCoLC)560283876
=926  \\$aMARS
=967  \\$ascs20170325
=968  \\$aRDA ENRICHED
=997  \\$a12276093
=998  \\$aLDR:02184cam#a2200517#a#4500
=998  \\$b008:830419s1783####enk###########000#0#eng##

