=LDR  01628cam a2200409 a 4500
=001  9915252070001701
=005  20170328054443.0
=008  820331s1778\\\\ne\a\\\\\\\\\\000\0\fre\\
=010  \\$a   03018389 
=035  \\$a(Aleph)006262269UMN01
=035  \\$aMB6540
=035  \\$a(OCoLC)8295926
=040  \\$aDLC$cIYU$dIYU$dOCLCQ$dEAU$dAMAZN$dMnU
=043  \\$ae------$ae-uk---$ae-sp---$ae-fr---
=050  \4$aD295$b.P4
=099  \9$a1778 Pe
=100  1\$aPellissery, Roch-Antoine de.
=245  13$aLe caffé politique d'Amsterdam, ou, Entretiens familiers d'un François, d'un Anglois, d'un Hollandois, et d'un cosmopolite :$bsur les divers intérêts économiques & politiques de la France, de l'Espagne, & de l'Angleterre /$cpar Charles-Elie-Denis Roonptsy, maître du caffé.
=250  \\$aNouv. éd., rev. & cor., avec des augmentations intéressantes.
=260  \\$aA Amsterdam :$b[n.p.],$cMDCCLXXVIII [1778]
=300  \\$a2 volumes :$b8 folded tables ;$c21 cm (8vo)
=336  \\$atext$btxt$2rdacontent
=337  \\$aunmediated$bn$2rdamedia
=338  \\$avolume$bnc$2rdacarrier
=340  \\$m8vo$0http://rdaregistry.info/termList/bookFormat/1003
=650  \0$aFinance$zGreat Britain$xHistory.
=650  \0$aFinance$zSpain$xHistory.
=650  \0$aFinance$zFrance$xHistory.
=651  \0$aEurope$xPolitics and government$y1648-1789.
=700  1\$aLind, A.,$cMr.,$eformer owner.$5MnU
=926  \\$aMARS
=967  \\$ascs20170325
=968  \\$aRDA ENRICHED
=997  \\$a8295926
=998  \\$aLDR:01584cam#a2200385#a#4500
=998  \\$b008:820331s1778####ne#a##########000#0#fre##
=999  \\$aZ39$bOCLC

