=LDR  02547cam a2200445 a 4500
=001  9915270850001701
=005  20170328055206.0
=008  800428s1778\\\\enkabf\\\\\\\\000\0\eng\\
=010  \\$a   01008797 
=035  \\$a(Aleph)006262196UMN01
=035  \\$aMB5358
=035  \\$a(OCoLC)6253440
=040  \\$aDLC$beng$cCIN$dPIT$dOCL$dOCLCG$dOCLCQ
=043  \\$an-uso--$an-usm--
=050  \0$aE163$b.H96
=099  \9$a1778 Hu
=100  1\$aHutchins, Thomas,$d1730-1789.
=245  12$aA topographical description of Virginia, Pennsylvania, Maryland, and North Carolina :$bcomprehending the rivers Ohio, Kenhawa, Sioto, Cherokee, Wabash, Illinois, Mississippi, &c. the climate, soil and produce, whether animal, vegetable, or mineral : the mountains, creeks, roads, distances, latitudes, &c. and of every part laid down in the annexed map /$cpublished by Thomas Hutchins, captain in the 60th regiment of foot ; with a plan of the rapids of the Ohio, a plan of the several villages in the Illinois country, a table of the distances between Fort Pitt and the mouth of the Ohio, all engraved upon copper ; and an appendix, containing Mr. Patrick Kennedy's Journal up the Illinois River, and a correct list of the different nations and tribes of Indians, with the number of fighting men, &c.
=260  \\$aLondon :$bPrinted for the author, and sold by J. Almon, opposite Burlington House, in Piccadilly,$cMDCCLXXVIII [1778]
=300  \\$aii, 67 pages, 3 unnumbered folded leaves of plates :$billustrations, maps ;$c21 cm (8vo)
=336  \\$atext$btxt$2rdacontent
=337  \\$aunmediated$bn$2rdamedia
=338  \\$avolume$bnc$2rdacarrier
=340  \\$m8vo$0http://rdaregistry.info/termList/bookFormat/1003
=500  \\$aFirst impression.
=500  \\$a"The map, which the following sheets are intended to explain, comprehends almost the whole of the country lying between the 34th and 44th degrees of latitude, and the 79th and 93d degrees of longitude."
=500  \\$aThe map issued separately.
=650  \0$aIndians of North America$vStatistics.
=651  \0$aOhio River Valley$xDescription and travel.
=651  \0$aMississippi River Valley$xDescription and travel.
=651  \0$aIllinois River.
=700  1\$aAlmon, John,$d1737-1805,$ebookseller.
=700  1\$aKennedy, Patrick.$tJournal up the Illinois River.
=926  \\$aMARS
=967  \\$ascs20170325
=968  \\$aRDA ENRICHED
=997  \\$a6253440
=998  \\$aLDR:02449cam#a2200421#a#4500
=998  \\$b008:800428s1778####enkabf########000#0#eng##
=999  \\$aZ39$bOCLC

