=LDR  04651cam a2200685 a 4500
=001  9915288100001701
=005  20170328055524.0
=008  841201s1778\\\\ne\abf\\\b\\\\000\0\fre\\
=035  \\$a(Aleph)006262265UMN01
=035  \\$aMB6541
=035  \\$a(OCoLC)14848108
=040  \\$aNLM$edcrmb$cNLM$dDIBAM$dHLS$dCGC$dOCLCG$dPAU$dMnU
=050  \4$aF2546$b.L33 1778
=060  00$aWZ 260$bL149ra 1778
=082  04$a918.5$bL113
=099  \9$a1778 La
=100  1\$aLa Condamine, Charles-Marie de,$d1701-1774.
=245  10$aRelation abrégée d'un voyage fait dans l'intérieur de l'Amérique Méridionale :$bdepuis la côte de mer du sud, jusqu'aux côtes du Brésil & de la Guyane, en descendant la riviere des Amazones /$cpar M. de La Condamine, de l'Académie des sciences, avec une carte du Maragnon, ou de la riviere des Amazones, levée par le même.
=250  \\$aNouvelle édition augmentée de la relation de l'emeute populaire de Cuença au Pérou, et d'une lettre de M. Godin des Odonais, contenant la relation du voyage de Madame, Godin, son epouse, &c.
=260  \\$aA Maestricht :$bChez Jean-Edme Dufour & Philippe Roux, imprimeurs-libraires, associés,$cMDCCLXXVIII [1778]
=300  \\$a4 unnumbered pages, xvj, 379 pages, 1 unnumbered page, 2 unnumbered folded leaves of plates :$billustrations, map (engravings) ;$c22 cm (8vo)
=336  \\$atext$btxt$2rdacontent
=337  \\$aunmediated$bn$2rdamedia
=338  \\$avolume$bnc$2rdacarrier
=340  \\$m8vo$0http://rdaregistry.info/termList/bookFormat/1003
=500  \\$aFirst published in Paris in 1745. Cf. NUC pre-56.
=500  \\$aThe author's "Lettre a Madame *** sur l'emeute populaire excitée en la ville de Cuença au Pérou, le 29 d'août 1739, contre les Académiciens des sciences, envoyés pour la mesure de la terre" (sig.O3r) and "Pieces justificatives, pour servir de preuve à la plupart des fait allégués dans la lettre précédente" (sig.R3r) published anonymously in Paris in 1746. Cf. NUC pre-56.
=500  \\$a"Lettre de M. Jean des Odonais a M. de La Condamine" has a caption title on sig.X5r.
=500  \\$aThe plates are signed by J. B. P. Tardieu.
=500  \\$aHead- and tail-pieces.
=500  \\$aSignatures: pi⁴ a⁸ A-Z⁸ 2A⁶.
=504  \\$aIncludes bibliographical references.
=505  20$tLettre a Madame *** sur l'Emeute populaire excitée en la Ville de Cuenc̦a au Pérou, le 29 d'Août 1739, contre les Académiciens des Sciences, envoyés pour le mesure de la terre --$tPieces justificatives, pour servir de preuve à la plupart des faits allégués dans la lettre précédente.$tLesdites pieces extraites du procès criminel de la mort du Sr. Jean Seniergues, suivi en l'Audience Royale, ou Parlement de Quito --$tLettre de M.D.L.C. a M*** sur le sort des Astronomes qui ont eu part aux dernieres mesures de la terre, depuis 1735.
=505  20$tLettre de M. Godin des Odonais, & l'aventure tragique de Madame Godin dans son voyage de la province de Quito à Cayenne, par le fleuve des Amazones.
=510  4\$aQuérard$cIV, p. 368
=510  4\$aBlake, J. NLM 18th cent.,$cp. 251
=600  12$aSeniergues, Jean.
=600  10$aLa Condamine, Charles-Marie de,$d1701-1774$xTravel.
=600  10$aLa Condamine, Charles-Marie de,$d1701-1774$vDiaries.
=600  10$aSeniergues, Jean,$d-1739$xTrials, litigation, etc.
=650  \0$aNatural history$zAmazon River Region.
=651  \0$aAmazon River Region$xDiscovery and exploration.
=651  \0$aAmazon River Region$xDescription and travel.
=650  12$aExpeditions
=650  22$aCapital Punishment
=651  \2$aSouth America
=700  12$aLa Condamine, Charles-Marie de,$d1701-1774.$tLettre a Madame *** sur l'emeute populaire excitée en la ville de Cuença au Pérou, le 29 d'août 1739, contre les Académiciens des sciences, envoyés pour la mesure de la terre.
=700  12$aLa Condamine, Charles-Marie de,$d1701-1774.$tPieces justificatives, pour servir de preuve à la plupart des fait allégués dans la lettre précédente.
=700  12$aGodin des Odonais, Jean,$d1713-1792.$tLettre de M. Jean des Odonais a M. de La Condamine.
=700  1\$aGodin des Odonais, Isabelle de Grandmaison,$d1728?-
=700  1\$aTardieu, Jean Baptiste Pierre,$d1746-1816,$eengraver.
=710  2\$aKing's Inns (Dublin, Ireland).$bLibrary,$eformer owner.$5MnU
=926  \\$aMESHDECON
=926  \\$aMARS
=967  \\$ascs20170325
=968  \\$aRDA ENRICHED
=997  \\$a14848108
=998  \\$aLDR:04888cam#a2200661#a#4500
=998  \\$b008:841201s1778####ne#abf###b####000#0#fre##
=999  \\$aZ39$bOCLC

