=LDR  02214cam a2200445 a 4500
=001  9915289940001701
=005  20170328055454.0
=008  850416s1778\\\\enkabf\\\\\\\\000\0\eng\d
=035  \\$a(Aleph)006262153UMN01
=035  \\$aMB1759
=035  \\$a(OCoLC)154264555
=040  \\$aNz$cD8D$dOCLCG$dAU@$dMnU
=043  \\$apo-----
=050  \4$aAC4
=082  04$a910.41$220
=082  04$a910.09
=099  \9$a1778 Ne
=245  00$aNew discoveries concerning the world and its inhabitants.
=260  \\$aLondon :$bPrinted for J. Johnson, St. Paul's Church-Yard,$cMDCCLXXVIII [1778]
=300  \\$axviii, 408 pages, 4 unnumbered folded leaves of plates :$billustrations, maps ;$c22 cm (8vo)
=336  \\$atext$btxt$2rdacontent
=337  \\$aunmediated$bn$2rdamedia
=338  \\$avolume$bnc$2rdacarrier
=340  \\$m8vo$0http://rdaregistry.info/termList/bookFormat/1003
=500  \\$a"In two parts."
=500  \\$aListed in: Bibliography of Captain James Cook R.N., F.R.S., circumnavigator. 2nd edition Sydney : Library of New South Wales, 1970. No. 9.
=505  0\$aPart 1. Containing a circumstantial Account of all the Islands in the South-Sea, that have been lately discovered or explored ... Comprehending all the Discoveries made in the several Voyages of Commodore ... Byron, Captains Wallis, Carteret, and Cook / related by Dr. Hawkesworth, Sydney Parkinson, Mr. Forster, and Captain Cook ; together with those of M. de Bougainville ... -- Part 2. Containing a summary Account of Captain Cook's Attempts to discover a Southern Continent, in 1773, 1774, and 1775 : also the Voyage of the Honourable Constantine John Phipps ... towards the North-Pole, in 1773 : with maps and prints.
=510  4\$aESTC$ct082902.
=600  10$aCook, James,$d1728-1779
=650  \0$aVoyages around the world$vEarly works to 1800.
=651  \0$aOceania$xDiscovery and exploration$vEarly works to 1800.
=700  1\$aHawkesworth, John,$d1715?-1773.
=700  0\$aW. S.,$eformer owner.$5MnU
=926  \\$aMARS
=967  \\$ascs20170325
=968  \\$aRDA ENRICHED
=997  \\$a154264555
=998  \\$aLDR:02125cam#a2200421#a#4500
=998  \\$b008:850416s1778####enkabf########000#0#eng#d
=999  \\$aZ39$bOCLC

