=LDR  01833aam a2200469 a 4500
=001  9941216530001701
=005  20170402043641.0
=008  800513m17751776gw\b\\\\\\\\\\000\0\ger\\
=010  \\$a   02012416 
=035  \\$a(Aleph)006074811UMN01
=035  \\$aMB6545
=035  \\$a(OCoLC)6312542
=040  \\$aDLC$edcrmb$cVA@$dVA@$dOCL$dHEBIS$dMnU
=041  1\$ager$heng
=043  \\$an-us---$ae-uk---$an-cn---
=045  \\$au-v7
=050  00$aE188$b.H68
=099  \9$a1775 Ges
=245  00$aGeschichte der englischen kolonien in Nord-Amerika :$bvon der ersten entdeckung dieser länder durch Sebastian Cabot, bis auf den frieden 1763 : in zwey Theilen /$cAus dem englischen.
=260  \\$aLeipzig :$bBey Caspar Fritsch,$c1775-1776.
=300  \\$a2 volumes :$bfolded map ;$c19 cm (8vo)
=336  \\$atext$btxt$2rdacontent
=337  \\$aunmediated$bn$2rdamedia
=338  \\$avolume$bnc$2rdacarrier
=340  \\$m8vo$0http://rdaregistry.info/termList/bookFormat/1003
=500  \\$aTranslated by Anton Ernst Klausing.
=500  \\$aMap "Charte der Brittischen Laender in Nord America, nach den Frieden von 1763, von Peter Bell, Geograph, 1772" is hand-colored.
=651  \0$aUnited States$xHistory$yColonial period, ca. 1600-1775.
=651  \0$aUnited States$xDescription and travel.
=651  \0$aGreat Britain$xColonies$zAmerica.
=651  \0$aCanada$xDescription and travel.
=651  \0$aNorth America$vMaps$vEarly works to 1800.
=700  1\$aKlausing, Anton Ernst,$d1729-1803,$etranslator.
=700  1\$aBell, Peter$c(Geographer),$ecartographer.
=700  1\$aFritsch, Caspar,$eprinter.
=926  \\$aMARS
=967  \\$ascs20170325
=968  \\$aRDA ENRICHED
=997  \\$a6312542
=998  \\$aLDR:01741aam#a2200445#a#4500
=998  \\$b008:800513m17751776gw#b##########000#0#ger##
=SID  \\$aZ39$bOCLC

