=LDR  01942aam a2200421 a 4500
=001  9941216660001701
=005  20170402043621.0
=008  831024s1775\\\\enk\\\\\\\\\\\000\0\eng\d
=035  \\$a(Aleph)006074802UMN01
=035  \\$aMB2048
=035  \\$a(OCoLC)10049921
=040  \\$aNYG$cNYG$dOCLCQ$dOCLCG$dMnU
=043  \\$anw-----$ae-uk---$an-us---
=050  \4$aE263.W5$bG56 1775
=099  \9$a1775 Gl1
=100  1\$aGlover, Richard,$d1712-1785.
=245  14$aThe evidence delivered on the petition presented by the West-India planters and merchants to the Hon. House of Commons :$bas it was introduc'd at the bar, and summ'd up /$cby Mr. Glover.
=260  \\$a[London] :$b[publisher not identified],$c[1775]
=300  \\$a2 unnumbered pages, 95, that is, 94 pages ;$c16 cm (8vo)
=336  \\$atext$btxt$2rdacontent
=337  \\$aunmediated$bn$2rdamedia
=338  \\$avolume$bnc$2rdacarrier
=340  \\$m8vo$0http://rdaregistry.info/termList/bookFormat/1003
=500  \\$aErrata: verso of title page.
=500  \\$aAnother edition, published the same year but lacking the evidence of the two witnesses, Walker and Ellis, has the title: "The substance of the evidence on the petition presented by the West-India planters and merchants to the Hon. House of Commons."
=510  4\$aSabin$c27606
=520  \\$aOn the question of commercial relations between the British West Indies and the thirteen colonies. The two witnesses examined were George Walker and John Ellis.
=651  \0$aWest Indies, British$xCommerce$zUnited States.
=651  \0$aUnited States$xCommerce$zWest Indies, British.
=651  \0$aGreat Britain$xCommercial policy.
=651  \0$aUnited States$xPolitics and government$y1775-1783.
=926  \\$aMARS
=967  \\$ascs20170325
=968  \\$aRDA ENRICHED
=997  \\$a10049921
=998  \\$aLDR:01844aam#a2200397#a#4500
=998  \\$b008:831024s1775####enk###########000#0#eng#d
=SID  \\$aZ39$bOCLC

