=LDR  02006cam a2200457Ii 4500
=001  9975700070601701
=005  20181108134231.0
=008  991007s1800\\\\fr\\\\\\\z\\\\000\0\fre\d
=035  \\$a(OCoLC)42587571
=035  \\$aMB5362
=040  \\$aPUL$beng$erda$edcrmb$cPUL$dOCLCQ$dOCLCO$dMNU
=099  \9$a1800 Fr
=130  0\$aConvention of Mortefontaine$d(1800 September 30).$lFrench.
=245  10$aConvention entre la République française et les États-Unis d'Amérique.
=264  \1$aÁ Paris :$bde l'Imprimerie de la République,$cBrumaire an IX [1800]
=300  \\$a16 pages ;$c25 cm (4to)
=336  \\$atext$btxt$2rdacontent
=337  \\$aunmediated$bn$2rdamedia
=338  \\$avolume$bnc$2rdacarrier
=340  \\$m4to$0http://rdaregistry.info/termList/bookFormat/1002
=500  \\$aSignatures: A⁸.
=500  \\$aImprint from colophon.
=500  \\$aCaption title.
=500  \\$a"Fait á Paris, le 8. jour de vendémiaire de l'an 9 de la République française, et le 30. jour de septembre 1800. Signé Joseph Bonaparte, C.P. Fleurieu, Rœderer; Oliv. Ellsworth, W. Ri. Davie, W.V. Murray. Pour copie conforme: Le Ministre de la Marine et des Colonies, Signé Forfait"-- Page 16.
=651  \0$aFrance$xForeign relations$zUnited States.
=651  \0$aUnited States$xForeign relations$zFrance.
=651  \0$aUnited States$xHistory$y1797-1801.
=700  0\$aJoseph Bonaparte,$cKing of Spain,$d1768-1844.
=700  1\$aFleurieu, C. P. Claret$q(Charles Pierre Claret),$ccomte de,$d1738-1810.
=700  1\$aRoederer, Kerre Louis.
=700  1\$aEllsworth, Oliver,$d1745-1807.
=700  1\$aDavie, William Richardson,$d1756-1820
=700  1\$aMurray, William Vans,$d1760-1803
=710  1\$aUnited States.$tTreaties, etc.
=752  \\$aFrance.$dParis.
=909  \\$acat$bMNU$c2018-09-11$dkkdavis
=913  \\$abellmini17
=981  \\$cTWILS$dBELL
=997  \\$a42587571
=998  \\$aLDR:02014cam#a2200445Ii#4500
=998  \\$b008:991007s1800####fr#######z####000#0#fre#d

