=LDR  02695nam a2200529Ii 4500
=001  9975700070701701
=005  20180724142356.0
=008  180530s1799\\\\enkdf\\\\b\\\\000\0\eng\d
=035  \\$aMB2664
=035  \\$a(OCoLC)1038049545
=040  \\$aMNU$beng$erda$edcrmb$cMNU
=043  \\$aa-ii---$ae-uk---
=099  \9$a1799 Pl
=100  1\$aPlayfair, William,$d1759-1823$eauthor.
=245  10$aStrictures on the Asiatic establishments of Great Britain :$bwith a view to an enquiry into the true interests of the East India Company : comprehending the rise and progress of our settlements in India, the claim of individual traders to a participation of our eastern commerce : with an elucidation of the means by which those claims may be made compatible with national prosperity and the welfare of the company : with a chart, &c. &c. /$cby William Playfair.
=264  \1$aLondon :$bPrinted for the author by Bunney and Gold, Shoe-Lane; and sold by  Carpenter and Co., Old Bond-Street; and Murray and Highley, Fleet-Street.$c1799.
=300  \\$axvi, 120, 102 pages, [1] folded leaf of plates :$bchart ;$c27 cm (4to)
=336  \\$atext$btxt$2rdacontent
=337  \\$aunmediated$bn$2rdamedia
=338  \\$avolume$bnc$2rdacarrier
=340  \\$m4to$0http://rdaregistry.info/termList/bookFormat/1002
=500  \\$aSignatures: *A-*B⁴ A-P⁴ a-n⁴.
=500  \\$aLeaf n4 is blank.
=500  \\$aPlate (hand-colored) entitled: "Chart representing the exports and imports to and from the East Indies, during the present century."
=500  \\$aIncludes appendix with its own register and pagination.
=504  \\$aIncludes bibliographical references.
=510  4\$aEnglish short title catalogue,$cT105645
=510  4\$aGoldsmiths'-Kress library of economic literature,$cno. 17605
=610  20$aEast India Company
=650  \0$aExclusive contracts$vEarly works to 1800.
=650  \0$aMonopolies$vEarly works to 1800.
=651  \0$aGreat Britain$xCommerce$zIndia$y18th century.
=651  \0$aIndia$xCommerce$zGreat Britain$y18th century.
=610  27$aEast India Company$2fast$0(OCoLC)fst00537796
=650  \7$aCommerce$2fast$0(OCoLC)fst00869279
=650  \7$aExclusive contracts.$2fast$0(OCoLC)fst00917731
=650  \7$aMonopolies.$2fast$0(OCoLC)fst01025673
=651  \7$aGreat Britain$2fast$0(OCoLC)fst01204623
=651  \7$aIndia$2fast$0(OCoLC)fst01210276
=710  2\$aMurray and Highley$ebooksellers.
=752  \\$aGreat Britain$bEngland$dLondon
=909  \\$acat$bMNU$c2018-05-30$dm-mccl$eori
=913  \\$avb16
=981  \\$cTWILS$dBELL
=997  \\$a1038049545
=998  \\$aLDR:02585nam#a2200493Ii#4500
=998  \\$b008:180530s1799####enkdf####b####000#0#eng#d

