=LDR  01776nam a2200385Ii 4500
=001  9975700070801701
=005  20180724142331.0
=008  180529s1799\\\\enkbcfg\\\\\\\000\0\eng\\
=035  \\$aMB4791
=035  \\$a(OCoLC)1037971362
=040  \\$aMNU$beng$erda$edcrmb$cMNU
=043  \\$af------
=050  \4$aDT35
=099  \9$a1799 Par
=100  1\$aPark, Mungo,$d1771-1806,$eauthor.
=245  10$aTravels in the interior districts of Africa :$bperformed under the direction and patronage of the African Association, in the years 1795, 1796, and 1797 /$cby Mungo Park, surgeon ; with an appendix, containing geographical illustrations of Africa ; by Major Rennell.
=264  \1$aLondon :$bPrinted by W. Bulmer and Co. for the author ; and sold by G. and W. Nicol ... Pall-Mall,$c1799.
=300  \\$axxviii, [2], 372, xcii pages, [11] leaves of plates (5 folded) :$billustrations, maps, music, portrait ;$c28 cm (4to)
=336  \\$atext$btxt$2rdacontent
=337  \\$aunmediated$bn$2rdamedia
=338  \\$avolume$bnc$2rdacarrier
=340  \\$m4to$0http://rdaregistry.info/termList/bookFormat/1002
=500  \\$aWith a half-title and a list of subscribers.
=500  \\$aThe 'Appendix' has separate title page, pagination, and register.
=510  4\$aEnglish short title catalogue,$cN13687
=500  \\$aVocabulary of the Mandingo language: pages [365]-372.
=651  \0$aAfrica$xDescription and travel$vEarly works to 1800.
=651  \0$aAfrica$xDiscovery and exploration$vEarly works to 1800.
=700  1\$aRennell, James,$d1742-1830,$eauthor.
=909  \\$acat$bMNU$c2018-05-29$dm-mccl$eori
=913  \\$avb16
=981  \\$cTWILS$dBELL
=997  \\$a1037971362
=998  \\$aLDR:01645nam#a2200349Ii#4500
=998  \\$b008:180529s1799####enkbcfg#######000#0#eng##

