=LDR  02664cam a2200505Ii 4500
=001  9975700071101701
=005  20180531044542.0
=008  080529q17981799fr\abcf\\\\\\\001\0\fre\d
=010  \\$a   04019930 
=035  \\$a(OCoLC)1008221340
=040  \\$aAVA$beng$erda$edcrmb$cAVA$dAVA$dOCLCF$dOCLCO$dOCLCQ$dMNU
=043  \\$af-ua---
=050  0\$aDT53$b.S68
=100  1\$aSonnini, C. S.$q(Charles Sigisbert),$d1751-1812,$eauthor.
=245  10$aVoyage dans la haute et basse Égypte :$bfait par ordre de l'ancien gouvernement, et contenant des observations de tous genres /$cpar C.S. Sonnini ... Avec une collection de 40 planches, gravées entaille-douce par J.B.P. Tardieu ...
=264  \1$aA Paris :$bChez F. Buisson, Imprimeur-Libraire, rue Hautefeuille, no. 20.,$can 7 de la République [1798 or 1799]
=300  \\$a3 volumes :$billustrations, map, portraits ;$c21 cm (8vo) +$e1 atlas ([2], 2 pages, 38 [i.e. 40] leaves of plates (some folded) ; 29 cm)
=336  \\$atext$btxt$2rdacontent
=337  \\$aunmediated$bn$2rdamedia
=338  \\$avolume$bnc$2rdacarrier
=340  \\$m8vo$0http://rdaregistry.info/termList/bookFormat/1003
=500  \\$aA map and 39 etchings by J.B.P. Tardieu accompany the vols. 1-3 of 'Voyage dans la haute et basse Égypte ... '
=500  \\$aPortrait of the author for frontispiece in 'Collection des planches' engraved by Delvaux; all other plates by Tardieu.
=500  \\$aOn title page for atlas, date is expressed as: an VII de la République.
=500  \\$aPagination: volume 1: [4], vii, [1], 425, [3] pages; volume 2: [2] leaves, 417, [1] pages; volume 3: [2] leaves, 424 pages.
=500  \\$aAdvertisements: volume 1,  3 unnumbered pages at end.
=500  \\$aHalf titles.
=500  \\$aErrata for volumes 1-2: volume 1, page [viii].
=500  \\$aIndex for volumes 1-3: volume 3, pages 377-424.
=650  \0$aNatural history$zEgypt$vPre-Linnean works.
=651  \0$aEgypt$vMaps$vEarly works to 1800.
=651  \0$aEgypt$xDescription and travel$vEarly works to 1800.
=650  \7$aNatural history.$2fast$0(OCoLC)fst01034268
=650  \7$aTravel$2fast$0(OCoLC)fst01155558
=651  \7$aEgypt$2fast$0(OCoLC)fst01208755
=655  \7$aEarly works.$2fast$0(OCoLC)fst01411636
=655  \7$aMaps.$2fast$0(OCoLC)fst01423704
=700  1\$aBuisson, François,$d1753-1814,$ebookseller.
=700  1\$aDelvaux, Remi-Henri-Joseph,$d1748-1823,$eengraver.
=700  1\$aTardieu, Jean Baptiste Pierre,$d1746-1816,$eengraver.
=913  \\$abellmini17
=981  \\$cTWILS$dBELL
=997  \\$a1008221340
=998  \\$aLDR:02467cam#a2200469Ii#4500
=998  \\$b008:080529q17981799fr#abcf#######001#0#fre#d

