=LDR  01779cam a2200445Ii 4500
=001  9975700071201701
=005  20181108132036.0
=008  180913s1800\\\\dk\\\\\\\\\\\\000\0\dan\d
=035  \\$a(OCoLC)1052469342
=035  \\$aMB6493
=040  \\$aMNU$beng$erda$edcrmb$cMNU$dMNU
=043  \\$aas-----$aaz-----$ae-dk---
=050  \4$aHF3648.I5$bF59 1800
=099  \9$a1800 Fi
=100  1\$aFix, Johan Leonhard,$eauthor.
=245  10$aProceduren for høiesteret, tilligemed denne rets og de foregaaende hof- og stadsrets-domme, udi sagerne imellem agent Duntzfelt & Compagnie, og det Asiatiske Compagnie, samt Directeur Fix /$cUdgiver af Johan Leonard Fix.
=264  \1$aKiøbenhaven :$bTryke hos hofbogtrykkerne N. Møller og Søn,$c1800.
=300  \\$a[4], 132 pages ;$c20 cm (8vo)
=336  \\$atext$btxt$2rdacontent
=337  \\$aunmediated$bn$2rdamedia
=338  \\$avolume$bnc$2rdacarrier
=340  \\$m8vo$0http://rdaregistry.info/termList/bookFormat/1003
=500  \\$aDate appears before printer's name in imprint statement.
=500  \\$aSignatures: pi² A-H⁸ J²; 1piv is blank.
=500  \\$aForward signed by J.L. Fix.
=500  \\$aWoodcuts: head- and tail-pieces.
=500  \\$a"Kiøbenhavn den 31 Octbr. 1799, Rotböll"--Page 131.
=546  \\$aIn Danish$b(Fraktur).
=610  20$aDanske ostindiske kompagni.
=610  20$aDanske asiatiske kompagni
=651  \0$aEast Indies$xCommerce$zDenmark.
=651  \0$aDenmark$xCommerce$zEast Indies.
=710  2\$aN. Møller og Søn,$eprinter.
=752  \\$aDenmark$dCopenhagen.
=909  \\$acat$bMNU$c2018-09-13$dkkdavis
=913  \\$abellmini17
=981  \\$cTWILS$dBELL
=997  \\$a1052469342
=998  \\$aLDR:01721cam#a2200433Ii#4500
=998  \\$b008:180913s1800####dk############000#0#dan#d

