=LDR  01545cam a2200409Ii 4500
=001  9975700071301701
=005  20180724142332.0
=008  950823s1799\\\\ru\\\\\\\z\\\\000\0\por\d
=035  \\$aMB6497
=035  \\$a(OCoLC)222137992
=040  \\$aCaOTUTF$beng$erda$edcrmb$cUTO$dOCLCQ$dOCLCF$dOCLCO$dOCLCQ$dMNU
=043  \\$ae-po---$ae-ru---
=099  \9$a1799 Po1
=110  1\$aPortugal.
=240  10$aTreaties, etc.$gRussia,$d1798 Dec. 27
=245  10$aTratado de amizade, de navegação, e de commercio renovado entre Portugal e a Russia :$be assignado em Petersburgo aos 27/16 de dezembro de 1798.
=264  \0$aSão Petersburgo :$bNa typographia imperial,$canno 1799.
=300  \\$a44 pages ;$c20 cm (4to)
=336  \\$atext$btxt$2rdacontent
=337  \\$aunmediated$bn$2rdamedia
=338  \\$avolume$bnc$2rdacarrier
=340  \\$m4to$0http://rdaregistry.info/termList/bookFormat/1002
=500  \\$aSignatures: [A]-E⁴ F²
=651  \0$aPortugal$xForeign relations$zRussia.
=651  \0$aRussia$xForeign relations$zPortugal.
=651  \0$aPortugal$vTreaties.
=651  \0$aRussia$vTreaties.
=651  \0$aPortugal$xPolitics and government$y1777-1816.
=650  \7$aDiplomatic relations.$2fast$0(OCoLC)fst01907412
=651  \7$aPortugal$2fast$0(OCoLC)fst01208476
=651  \7$aRussia$2fast$0(OCoLC)fst01207312
=909  \\$acat$bMNU$c2018-05-31$dm-mccl
=913  \\$avb16
=981  \\$cTWILS$dBELL
=997  \\$a222137992
=998  \\$aLDR:01441cam#a2200373Ii#4500
=998  \\$b008:950823s1799####ru#######z####000#0#por#d

