=LDR  01698nam a2200433Ii 4500
=001  9975700071401701
=005  20180724142332.0
=008  180530s1799\\\\po\\\\\\\z\\\\000\0\por\\
=035  \\$aMB6498
=035  \\$a(OCoLC)1038049637
=040  \\$aMNU$beng$erda$edcrmb$cMNU
=043  \\$ae-po---$af-ly---
=050  \4$aDP555.S7$b.P67
=099  \9$a1799 Po
=110  1\$aPortugal.
=240  10$aTreaties, etc.$gTripoli (Libya),$d1799 May 14
=245  10$aTractado de paz e amizade entre o muito alto e poderoso Senhor Dom João, Principe Regente de Portugal, e o illustrissimo Senhor Jusef Bax Carmanaly, Regente, e Governador de Tripoli,$bassignado em Tripoli em 14 de maio de MDCCXCIX.
=264  \1$a[Lisbon] :$bNa Regia Officina Typografica,$canno MDCCXCIX [1799].
=300  \\$a25, [1] p. ;$c23 cm (4to)
=336  \\$atext$btxt$2rdacontent
=337  \\$aunmediated$bn$2rdamedia
=338  \\$avolume$bnc$2rdacarrier
=340  \\$m4to$0http://rdaregistry.info/termList/bookFormat/1002
=500  \\$aSignatures: a-c⁴ [d]²
=500  \\$aLeaf d2 is blank.
=500  \\$aTitle vignette.
=651  \0$aPortugal$xForeign relations$zLibya$zTripoli.
=651  \0$aTripoli (Libya)$xForeign relations$zPortugal.
=651  \0$aPortugal$xForeign relations$y18th century.
=650  \7$aDiplomatic relations.$2fast$0(OCoLC)fst01907412
=651  \7$aLibya$zTripoli$2fast$0(OCoLC)fst01217173
=651  \7$aPortugal$2fast$0(OCoLC)fst01208476
=648  \7$a1700-1799$2fast
=909  \\$acat$bMNU$c2018-05-30$dm-mccl$eori
=913  \\$avb16
=981  \\$cTWILS$dBELL
=997  \\$a1038049637
=998  \\$aLDR:01580nam#a2200397Ii#4500
=998  \\$b008:180530s1799####po#######z####000#0#por##

