=LDR  02032nam a2200445Ii 4500
=001  9975700071501701
=005  20180724142332.0
=008  180529s1799\\\\stk\\\\\\\\\\\000\0\eng\d
=035  \\$aMB2461
=035  \\$a(OCoLC)1037952140
=040  \\$aMNU$beng$erda$edcrmb$cMNU
=043  \\$aff-----$afw-----
=099  \9$a1799 Le
=245  02$aA historical & philosophical sketch of the discoveries & settlements of the Europeans in northern & western Africa, at the close of the eighteenth century.
=264  \0$aEdinburgh :$bprinted by J. Moir, Paterson's Court,$c1799.
=264  \1$aEdinburgh :$bPrinted ... for T. Brown, No. 1, North Bridge-Street, and J. Symington, Parliament-Square, and Vernor & Hood, London,$c1799.
=300  \\$axvi, 132, 163-442 pages ;$ccm (12mo)
=336  \\$atext$btxt$2rdacontent
=337  \\$aunmediated$bn$2rdamedia
=338  \\$avolume$bnc$2rdacarrier
=340  \\$m12mo$0http://rdaregistry.info/termList/bookFormat/1004
=500  \\$a"Anonymous. By John Leyden."--ESTC.
=500  \\$aErrata: page xvi.
=500  \\$a"The reader will observe that at page 132 there is an apparent ommission of 30 pages, the following pages being numbered 163, 164, &c, to the end of the book, instead of 133, 134, &c."--Errata.
=500  \\$aTitle vignette and tail-piece.
=500  \\$aSignatures: pi²(-pi2) a⁶ A-2L⁶ 2M².
=510  4\$aEnglish short title catalogue,$cT113200.
=651  \0$aAfrica$xDiscovery and exploration$vEarly works to 1800.
=651  \0$aAfrica$xDescription and travel$vEarly works to 1800.
=700  1\$aLeyden, John,$d1775-1811,$eauthor.
=700  1\$aMoir, J.,$dactive 1799,$eprinter.
=700  1\$aBrown, Thomas,$dactive 1785-1820,$ebookseller.
=700  1\$aSymington, J.,$dactive 1799,$ebookseller.
=710  2\$aVernor and Hood$ebookseller.
=909  \\$acat$bMNU$c2018-05-29$dm-mccl$eori
=913  \\$avb16
=981  \\$cTWILS$dBELL
=997  \\$a1037952140
=998  \\$aLDR:01911nam#a2200409Ii#4500
=998  \\$b008:180529s1799####stk###########000#0#eng#d

