=LDR  02762cam a2200505Ii 4500
=001  9975700071601701
=005  20181019143711.0
=008  960708s1800\\\\fr\abcf\\b\\\\000\0\fre\d
=035  \\$aMB4652
=035  \\$a(OCoLC)35038685
=040  \\$aNYP$beng$erda$edcrmb$cNYP$dOCLCG$dOCLCQ$dOCLCO$dDEH$dOCLCO$dOCLCF$dOCLCA$dMNU
=041  1\$afre$heng
=043  \\$afw-----
=099  \9$a1800 Par
=100  1\$aPark, Mungo,$d1771-1806,$eauthor.
=240  10$aTravels in the interior districts of Africa.$lFrench.$f1799
=245  10$aVoyage dans l'intérieur de l'Afrique, fait en 1795, 1796 et 1797 /$cpar M. Mungo Park, envoyé par la Société d'Afrique établie à Londres ; avec des éclaircissemens sur la géographie de l'intérieur de l'Afrique, par le Major Rennell ; traduit de l'anglais sur la seconde édition, par J. Castéra.
=264  \1$aA Paris :$bChez Dentu, Imprimeur-Libraire, Palais-Égalité, galeries de bois, no. 240, Carteret, Libr., rue Pierre-Sarrazin, no. 13,$can VIII [1800]
=300  \\$a2 volumes :$billustrations, maps, portrait ;$c21 cm (8vo)
=336  \\$atext$btxt$2rdacontent
=337  \\$aunmediated$bn$2rdamedia
=338  \\$avolume$bnc$2rdacarrier
=340  \\$m8vo$0http://rdaregistry.info/termList/bookFormat/1003
=504  \\$aIncludes bibliographical references.
=500  \\$aSignatures: volume 1. pi⁷ 1-25⁸ 26⁶ -- volume 2. pi² 1-23⁸ 24⁴.
=500  \\$aPagination: volume 1. xii, 411, [3] pages, [5] leaves of plates (3 folded) -- volume 2. [4], 376 pages, [4] leaves of plates (3 folded).
=500  \\$aBraces in imprint.
=500  \\$aHalf-title pages.
=500  \\$a"Vocabulaire de la langue mandingue": volume 2, pages 353-369.
=500  \\$aImprint from volume 1 half title verso: "De l'Imprimerie de Dentu, rue Honoré, vis-á-vis l'Eglise Saint-Rock, no. 94."
=500  \\$aImprint from volume 2: A Paris : Chez Dentu, Imprimeur-Libraire, Palais-Égalité, galeries de bois, no. 240, Carteret, Libr., rue Pierre-Sarrazin, no. 13, Tavernier, Libr., rue du Bacq, no. 937.
=546  \\$aTranslated from English.
=546  \\$aTranslated from: Travels in the interior districts of Africa.
=651  \0$aAfrica, West$xDescription and travel.
=700  1\$aRennell, James,$d1742-1830,$eauthor.
=700  1\$aCastéra, Jean-Henri,$d1749-1838,$etranslator.
=700  1\$aDentu, J. G.$q(Jean-Gabriel),$d1770-1840,$epublisher.
=700  1\$aCarteret, C.,$epublisher.
=700  1\$aMichel, Jean-Baptiste,$d1748-1804,$eengraver.
=710  2\$aTavernier,$epublisher.
=752  \\$aParis$dFrance.
=909  \\$acat$bMNU$c2018-07-20$dkkdavis$eori
=997  \\$a35038685
=998  \\$aLDR:02768cam#a2200469Ii#4500
=998  \\$b008:960708s1800####fr#abcf##b####000#0#fre#d

