=LDR  02321cam a2200505Ii 4500
=001  9975700071901701
=005  20180724142332.0
=008  850702s1798\\\\sw\\\\\\\\\\\\000\0\swe\d
=035  \\$aMB number not on item
=035  \\$a(OCoLC)220039834
=040  \\$aAU@$beng$erda$edcrmb$cAU@$dOCLCQ$dOCLCO$dOCLCQ$dNZ1$dOCLCF$dMNU
=041  1\$aswe$heng
=043  \\$ap------
=082  04$a910.45$219
=100  1\$aMortimer, George,$eeditor.
=240  10$aObservations and remarks made during a voyage to the Islands of Teneriffe ... in the brig Mercury commanded by John Henry Cox.$lSwedish
=245  10$aEngelsmannen Joh. Hindric Cox resa genom söderhafvet till Ön Amsterdam, Marien-Öarna, O-Taheiti, Sandvichs- och Räf-Öarna, Tinian, Unalaska och Canton i China /$cutgifven af Georg Mortimer.
=264  \1$aNyköping [Sweden] :$bTryckt hos Peter Winge,$c1798.
=300  \\$a77, [3] pages,  ;$c18 cm (8vo)
=336  \\$atext$btxt$2rdacontent
=337  \\$aunmediated$bn$2rdamedia
=338  \\$avolume$bnc$2rdacarrier
=340  \\$m8vo$0http://rdaregistry.info/termList/bookFormat/1003
=500  \\$aTranslation of: Observations and remarks made during a voyage to the Islands of Teneriffe ... in the brig Mercury commanded by John Henry Cox.
=500  \\$aIn oval at foot of title page: CF.Lt
=500  \\$a"Företal" signed: C.F.L.
=500  \\$aSignatures: A-E⁸
=500  \\$aFinal 3 unnumbered pages are blank.
=500  \\$aTitle vignette, head- and tail-pieces.
=510  4\$aFerguson, J.A. Bibliography of Australia,$cno. 275b.
=510  4\$aMitchell Library, Sydney. Bibliography of Captain James Cook,$cno. 259.
=600  10$aCox, John Henry,$dapproximately 1750-1791$xTravel$zPacific Ocean.
=610  20$aMercury (Ship)
=610  27$aMercury (Ship)$2fast$0(OCoLC)fst00671678
=651  \0$aPacific Ocean$xDiscovery and exploration.
=650  \7$aDiscoveries in geography$2fast$0(OCoLC)fst00894950
=650  \7$aVoyages and travels$2fast$0(OCoLC)fst01169308
=651  \7$aPacific Ocean.$2fast$0(OCoLC)fst01243528
=655  \7$aExploration literature.$2rbgenr
=909  \\$acat$bMNU$c2018-05-04$dm-mccl
=913  \\$avb16
=981  \\$cTWILS$dBELL
=997  \\$a220039834
=998  \\$aLDR:02241cam#a2200469Ii#4500
=998  \\$b008:850702s1798####sw############000#0#swe#d

