=LDR  01882nam a2200409Ii 4500
=001  9975700072201701
=005  20180724142332.0
=008  180514s1801\\\\gw\acf\\\\\\\\001\0\ger\d
=035  \\$aMB1355
=035  \\$a(OCoLC)1035568850
=040  \\$aMNU$beng$erda$edcrmb$cMNU
=099  \9$a1799 Ka1
=100  1\$aKarrer, Philipp Jakob,$d1762-1836,$eauthor.
=245  10$aVersuch einer Handlungsgeschichte für Kaufleute, Manufakturisten und Fabrikanten /$cvon Ph. J. Karrer.
=246  3\$aGeographie für Kaufleute, Manufakturisten und Fabrikanten
=264  \1$aLeipzig :$bin der C.H. Stageschen Buchhandlung in Augsburg,$c[1801]
=300  \\$a2 volumes, [2] leaves of plates :$billustrations, portrait ;$c19 cm (8vo)
=336  \\$atext$btxt$2rdacontent
=337  \\$aunmediated$bn$2rdamedia
=338  \\$avolume$bnc$2rdacarrier
=340  \\$m8vo$0http://rdaregistry.info/termList/bookFormat/1003
=500  \\$a"Mit des Verfassers Bildniss"--title page, volume 2.
=500  \\$aFraktur.
=500  \\$aErrata on last page of each volume.
=500  \\$aPaging: volume 1: [1] leaf, [2], iv, 664, [16] pages; volume 2: [1] leaf, [2], iv, 857, [23] pages.
=500  \\$aSignatures: volume 1: pi⁴ (-pi4) A-2S⁸ 2T⁴  )(*⁸ ; volume 2: pi⁴(-pi4) A-3G⁸ 3H⁴  )(*⁸  [superscript chi]  )(*⁴ (-)(*4)
=500  \\$aConsidered as a continuation, i.e., volumes 3 and 4, of the author's Geographie für Kaufleute, Manufakturisten und Fabrikanten, 1799-1800.
=500  \\$aIncludes indexes.
=650  \0$aGeography$vEarly works to 1800.
=650  \0$aManufacturing industries$vEarly works to 1800.
=700  1\$aStage, Conrad Heinrich,$ebookseller.
=909  \\$acat$bMNU$c2018-05-14$dm-mccl$eori
=913  \\$avb16
=981  \\$cTWILS$dBELL
=997  \\$a1035568850
=998  \\$aLDR:01814nam#a2200373Ii#4500
=998  \\$b008:180514s1801####gw#acf########001#0#ger#d

