=LDR  01437nam a2200373Ii 4500
=001  9975700072301701
=005  20180724142332.0
=008  180514m17991800gw\\\\\\\b\\\\001\0\ger\d
=035  \\$aMB1355
=035  \\$a(OCoLC)1035558834
=040  \\$aMNU$beng$erda$edcrmb$cMNU
=099  \9$a1799 Ka
=100  1\$aKarrer, Philipp Jakob,$d1762-1836,$eauthor.
=245  10$aGeographie für Kaufleute, Manufakturisten und Fabrikanten /$cvon Ph. J. Karrer.
=264  \1$aLeipzig :$bbey Friedrich Gotthold Jacobäer,$c1799-1800.
=300  \\$a2 volumes ;$c21 cm (8vo)
=336  \\$atext$btxt$2rdacontent
=337  \\$aunmediated$bn$2rdamedia
=338  \\$avolume$bnc$2rdacarrier
=340  \\$m8vo$0http://rdaregistry.info/termList/bookFormat/1003
=500  \\$aFraktur.
=500  \\$aCollation: volume 1: vi, 349 pages; volume 2: vii, [1], 240 pages.
=500  \\$aSignatures: volume 1: pi⁴ (-pi4) A-X⁸ Y⁸ (-Y8); volume 2: pi⁴ A-O⁸ P-Q⁴
=500  \\$aIncludes indexes.
=650  \0$aGeography$vEarly works to 1800.
=650  \0$aManufacturing industries$vEarly works to 1800.
=650  \7$aGeography$2fast$0(OCoLC)fst00940469
=700  1\$aJacobäer, Friedrich Gotthold,$dactive 1751-1807,$ebookseller.
=909  \\$acat$bMNU$c2018-05-14$dm-mccl$eori
=913  \\$avb16
=981  \\$cTWILS$dBELL
=997  \\$a1035558834
=998  \\$aLDR:01355nam#a2200337Ii#4500
=998  \\$b008:180514m17991800gw#######b####001#0#ger#d

