=LDR  02008cam a2200433Ii 4500
=001  9975700072501701
=005  20181108143441.0
=008  770707s1799\\\\fr\\\\\\\\\\\\000\0\fre\\
=010  \\$a   01023446 
=035  \\$aMB1945
=035  \\$a(OCoLC)3099906
=040  \\$aDLC$beng$erda$edcrmb$cJHE$dNYP$dSTF$dOCLCF$dOCLCO$dOCLCQ$dMNU
=043  \\$as-fg---
=050  04$aF2450$b.G14
=099  \9$a1799 Ga
=100  1\$aTerraube, Louis Antoine Marie Victor de Galard,$cmarquis de,$d1765-1840,$eauthor.
=245  10$aTableau de Cayenne ou de la Guiane française :$bcontenant des renseignemens exacts sur son climat, ses productions, les naturels du pays, les différentes ressources que l'on y trouve, et le degré de prospérité dont cette colonie est susceptible.$cOn y a joint des observations nautiques, recueillies par l'Auteur lui-même.
=264  \1$aA Paris :$bChez veuve Tilliard et fils, Libraires, rue Pavée-Saint-André-des-Arcs, No. 17,$can VII [1799]
=264  \0$a[France?] :$bde l'imprimerie de Testu.
=300  \\$a230 pages ;$c21 cm (8vo)
=336  \\$atext$btxt$2rdacontent
=337  \\$aunmediated$bn$2rdamedia
=338  \\$avolume$bnc$2rdacarrier
=340  \\$m8vo$0http://rdaregistry.info/termList/bookFormat/1003
=500  \\$aHalf title.
=500  \\$aSignatures: A-O⁸ P⁴.
=500  \\$aFinal leaf blank.
=500  \\$aBibliotheque nationale de France online catalog attributes to Galard-Terraube.
=510  4\$aSabin, J. Dictionary of books relating to America from its discovery to the present time,$c26340.
=651  \0$aFrench Guiana$vEarly works to 1800.
=651  \7$aFrench Guiana$2fast$0(OCoLC)fst01206832
=700  1\$aTilliard, Nicolas-Martin,$d1723?-1773,$ebookseller.
=700  1\$aTestu, Laurent-Étienne,$d1765-1839,$eprinter.
=909  \\$acat$bMNU$c2018-05-09$dm-mccl
=913  \\$avb16
=981  \\$cTWILS$dBELL
=997  \\$a3099906
=998  \\$aLDR:01948cam#a2200397Ii#4500
=998  \\$b008:770707s1799####fr############000#0#fre##

