=LDR  01678cam a2200433Ii 4500
=001  9975700072601701
=005  20181108160308.0
=008  180510q17981799fr\\\\\\\\\\\\000\0\fre\\
=035  \\$aMB2839
=035  \\$a(OCoLC)1035374452
=040  \\$aMNU$beng$erda$edcrmb$cMNU$dMNU
=043  \\$as-fg---$ae-fr---
=050  \4$aF2450$b.J15 1798
=099  \9$a1799 Ja
=100  1\$aJacquemin, Nicolas,$d1736-1819,$eauthor.
=245  10$aMémoire sur la Guiane Française /$cpar le citoyen Jacquemin.
=264  \1$aA Paris :$bChez Baudelot & Eberhart, Imprimeurs-Libraires, rue S.-Jacques, No 30,$can VII [1798 or 1799].
=300  \\$a4 unnumbered pages, 108 pages ;$c18 x 11 cm (12mo)
=336  \\$atext$btxt$2rdacontent
=337  \\$aunmediated$bn$2rdamedia
=338  \\$avolume$bnc$2rdacarrier
=340  \\$m12mo$0http://rdaregistry.info/termList/bookFormat/1004
=500  \\$aTitle vignette.
=500  \\$aSignatures: pi² A-D¹² E⁶.
=510  4\$aSabin, J. Dictionary of books relating to America from its discovery to the present time,$c35513.
=651  \0$aFrench Guiana
=651  \0$aFrance$xColonies$zGuiana.
=650  \0$aBotany$zFrench Guiana.
=650  \7$aBotany$2fast$0(OCoLC)fst00836869
=650  \7$aFrench colonies.$2fast$0(OCoLC)fst01930852
=651  \7$aSouth America$zGuiana$2fast$0(OCoLC)fst01240807
=651  \7$aFrench Guiana$2fast$0(OCoLC)fst01206832
=700  1\$aEberhart, J.-M.$q(Jean-Michel),$d1755-$ebookseller.
=909  \\$acat$bMNU$c2018-05-10$dm-mccl$eori
=913  \\$avb16
=981  \\$cTWILS$dBELL
=997  \\$a1035374452
=998  \\$aLDR:01560cam#a2200397Ii#4500
=998  \\$b008:180510q17981799fr############000#0#fre##

