=LDR  02650cam a2200553Ii 4500
=001  9975700072801701
=005  20181019143711.0
=008  870414s1798\\\\fr\e\\\\\\\\\\000\0\fre\\
=010  \\$a   12039162 
=035  \\$aMB6501
=035  \\$a(OCoLC)15530013
=040  \\$aDLC$beng$cGZM$dDLC$dOCLCG$dZ@L$dGBVCP$dOCLCF$dOCLCQ$dOCLCO$dOCLCA$dMNU
=041  1\$afre$hdut
=043  \\$af-sa---$aa-ii---$aa-io---
=050  00$aDS411.1$b.S8
=082  04$a910.4$220
=084  \\$a14$2ssgn
=099  \9$a1798 Stav1
=100  1\$aStavorinus, Johan Splinter,$d1739-1788,$eauthor.
=245  10$aVoyage par le Cap de Bonne-Espérance a Batavia, a Bantam et au Bengale, en 1768, 69, 70 et 71 /$cpar J.S. Stavorinus ...  ; Avec des observations sur la navigation et le commerce de ces contrées, ainsi que sur le caractère, les mœurs et la religion des peuples qui les habitent ;  Traduit du hollandois, par H.J. Jansen ; Orné de trois cartes.
=264  \1$aA Paris :$bH.J. Jansen, imprimeur-libraire, rue des Saints-Pères, No. 1195, F.S.G.,$cl'an 6me. (1798)
=300  \\$aviii, 434 pages, l leaves :$b3 folded plans ;$c20 cm (8vo)
=336  \\$atext$btxt$2rdacontent
=337  \\$aunmediated$bn$2rdamedia
=338  \\$avolume$bnc$2rdacarrier
=340  \\$m8vo$0http://rdaregistry.info/termList/bookFormat/1003
=500  \\$aErrata: last page.
=500  \\$aTitle vignette, head-and tail-pieces.
=650  \0$aVoyages and travels$vEarly works to 1800.
=651  \0$aCape of Good Hope (South Africa)$xDescription and travel$vEarly works to 1800.
=651  \0$aBengal (India)$xDescription and travel$vEarly works to 1800.
=651  \0$aJava (Indonesia)$xDescription and travel$vEarly works to 1800.
=650  \7$aTravel$2fast$0(OCoLC)fst01155558
=650  \7$aVoyages and travels$2fast$0(OCoLC)fst01169308
=651  \7$aIndia$zBengal$2fast$0(OCoLC)fst01213579
=651  \7$aIndonesia$zJava$2fast$0(OCoLC)fst01244461
=651  \7$aSouth Africa$zCape of Good Hope$2fast$0(OCoLC)fst01213442
=653  \0$aBengal (India)$aEarly works to 1800$aDescription and travel
=653  \0$aCape of Good Hope (South Africa)$aEarly works to 1800$aDescription and travel
=653  \0$aJava (Indonesia)$aEarly works to 1800$aDescription and travel
=653  \0$aVoyages and travels$aEarly works to 1800
=655  \7$aEarly works.$2fast$0(OCoLC)fst01411636
=700  1\$aJansen, Hendrik,$d1741-1812$etranslator,$ebookseller.
=909  \\$acat$bMNU$c2018-05-07$dm-mccl
=913  \\$avb16
=981  \\$cTWILS$dBELL
=997  \\$a15530013
=998  \\$aLDR:02565cam#a2200517Ii#4500
=998  \\$b008:870414s1798####fr#e##########000#0#fre##

