=LDR  01590nam a2200397Ii 4500
=001  9975700072901701
=005  20181019143712.0
=008  180508s1798\\\\sw\\\\\\\\\\\o000\0\swe\d
=035  \\$aMB1727
=035  \\$a(OCoLC)1035016827
=040  \\$aMNU$beng$erda$edcrmb$cMNU
=043  \\$ae-sw---$aa-bg---$aa-ii---
=099  \9$a1798 Sw
=245  00$aKongl. Maj:ts och Rikets Commerce-Collegii Kungörelse, Angående Tullens nedsättande å hwita Bomulls-lärfter, som fråm Ost-Indien och Bengalen ankomma :$bGifwen Stockholm den 9 julii 1798.
=264  \0$aStockholm :$bTryckt i Kongl. Tryckeriet,$c1798.
=300  \\$a4 unnumbered pages ;$c21 cm (4to)
=336  \\$atext$btxt$2rdacontent
=337  \\$aunmediated$bn$2rdamedia
=338  \\$avolume$bnc$2rdacarrier
=340  \\$m4to$0http://rdaregistry.info/termList/bookFormat/1002
=500  \\$aTitle vignette.
=500  \\$aFraktur.
=520  \\$aOn the subject of imported cotton yarn from the East Indies and Bengal.
=651  \0$aBengal (India)$xCommerce$zSweden$vEarly works to 1800.
=651  \0$aSweden$xCommerce$zIndia$zBengal$vEarly works to 1800.
=650  \0$aCotton yarn$vEarly works to 1800.
=650  \0$aTariff$vEarly works to 1800.
=700  1\$aLiljencrants, Johan,$d1730-1815,$eassociated name.
=710  1\$aSweden.$bKommerskollegium$d(1798-07-09)
=752  \\$aSweden$dStockholm.
=909  \\$acat$bMNU$c2018-05-08$dm-mccl$eori
=913  \\$avb16
=981  \\$cTWILS$dBELL
=997  \\$a1035016827
=998  \\$aLDR:01495nam#a2200361Ii#4500
=998  \\$b008:180508s1798####sw###########o000#0#swe#d

