=LDR  01672cam a2200433Ii 4500
=001  9975700073001701
=005  20181019143712.0
=008  920424q17991800fr\\\\\\\\\\\\001\0\fre\d
=035  \\$aMB2470
=035  \\$a(OCoLC)27982330
=040  \\$aPAU$beng$erda$edcrmb$cPAU$dOCL$dOCLCQ$dOCLCF$dOCLCO$dOCL$dMNU
=043  \\$ae-fr---
=099  9\$a1799 De
=100  1\$aDesaint$q(Pierre Louis),$eauthor.
=245  10$aTable chronologique et analytique des lois rendues depuis 1789 (v. st.), concernant la marine et les colonies /$cpar le citoyen De Saint.
=264  \1$aA Paris :$bDe l'Imprimerie Nationale,$cAn VIII [1799 or 1800]
=300  \\$a[8], 394 pages ;$c21 cm (8vo)
=336  \\$atext$btxt$2rdacontent
=337  \\$aunmediated$bn$2rdamedia
=338  \\$avolume$bnc$2rdacarrier
=340  \\$m8vo$0http://rdaregistry.info/termList/bookFormat/1003
=500  \\$a"Imprimée par ordre du corps législatif."
=500  \\$aTitle vignette.
=500  \\$aAll pages have double-line border.
=500  \\$aHalf title.
=500  \\$aSignatures: pi⁴ A-3C⁴ 3D² (-3D2)
=510  4\$aQuérard,$cII 488
=650  \0$aMaritime law$zFrance$vChronology$vEarly works to 1800.
=650  \0$aNaval law$zFrance$vChronology$vEarly works to 1800.
=650  \7$aMaritime law$2fast$0(OCoLC)fst01010102
=650  \7$aNaval law.$2fast$0(OCoLC)fst01035013
=651  \7$aFrance$2fast$0(OCoLC)fst01204289
=655  \7$aChronologies.$2fast$0(OCoLC)fst01423901
=909  \\$acat$bMNU$c2018-05-08$dm-mccl
=913  \\$avb16
=981  \\$cTWILS$dBELL
=997  \\$a27982330
=998  \\$aLDR:01575cam#a2200397Ii#4500
=998  \\$b008:920424q17991800fr############001#0#fre#d

