=LDR  02706cac a2200469Ii 4500
=001  9975700073101701
=005  20181019143712.0
=008  170117s1798\\\\enkb\\\\\\\\\\001\0\eng\d
=035  \\$a(OCoLC)1003871592
=040  \\$aAUD$beng$erda$edcrmb$cAUD$dOCLCF$dOCLCO$dMNU
=100  1\$aStavorinus, Johan Splinter,$d1739-1788,$eauthor.
=245  10$aVoyages to the East-Indies /$cby the late John Splinter Stavorinus, Esq. Rear-Admiral in the service of the States-General ; Translated from the original Dutch, by Samuel Hull Wilcocke ; With notes and additions by the translator ; The Whole comprising a full and accurate Account of all the present and late Possessions of the Dutch in India, and at the Cape of Good Hope ; Illustrated with maps ; In Three Volumes.
=264  \1$aLondon :$bPrinted for G. G. and J. Robinson, Paternoster-Row,$c1798.
=300  \\$a3 volumes :$b3 folded maps ;$c23 cm (8vo)
=336  \\$atext$btxt$2rdacontent
=337  \\$aunmediated$bn$2rdamedia
=338  \\$avolume$bnc$2rdacarrier
=340  \\$m8vo$0http://rdaregistry.info/termList/bookFormat/1003
=500  \\$aVolume 1: Containing A Voyage to the Cape of Good Hope, Batavia, Bantam, and Bengal, with Observations on Those Parts, &c. in the Years 1768-1771 -- volume 2: Containing A Voyage to the Cape of Good hope, Batavia, Samarang, Macasser, Amboyna, and Surat, with Accounts of Those Places; in the Years 1774 and 1775 -- volume 3: Containing A Contination of the Voyage from Surat to Batavia, the Coast of Malabar, and the Cape of Good Hope; in the Years 1775-1778. With an Appendix.
=500  \\$aIncludes index.
=510  4\$aESTC,$cT100434
=651  \0$aNetherlands$xColonies$zAsia.
=651  \0$aNetherlands$xColonies$zAfrica.
=651  \0$aCape of Good Hope (South Africa)$xDescription and travel.
=651  \0$aIndonesia$xDescription and travel$vEarly works to 1800.
=650  \7$aNetherlandish colonies.$2fast$0(OCoLC)fst01930858
=650  \7$aTravel$2fast$0(OCoLC)fst01155558
=651  \7$aAfrica.$2fast$0(OCoLC)fst01239509
=651  \7$aAsia$2fast$0(OCoLC)fst01240495
=651  \7$aIndonesia$2fast$0(OCoLC)fst01209242
=651  \7$aSouth Africa$zCape of Good Hope$2fast$0(OCoLC)fst01213442
=655  \7$aEarly works.$2fast$0(OCoLC)fst01411636
=700  1\$aWilcocke, Samuel Hull,$d1766?-1833,$etranslator.
=700  1\$aRobinson, George,$d1736-1801,$ebookseller.
=700  1\$aRobinson, John$c(Bookseller),$ebookseller.
=752  \\$aGreat Britain$bEngland$dLondon.
=909  \\$acat$bMNU$c2018-05-07$dm-mccl
=913  \\$avb16
=981  \\$cTWILS$dBELL
=997  \\$a1003871592
=998  \\$aLDR:02579cac#a2200433Ii#4500
=998  \\$b008:170117s1798####enkb##########001#0#eng#d

