=LDR  04572cam a2200553Ii 4500
=001  9975700073201701
=005  20180724142334.0
=008  840928s1798\\\\fr\abf\\\\\\\\000\0\fre\d
=010  \\$a   02011769 
=035  \\$aMB1258
=035  \\$a(OCoLC)773124145
=040  \\$aKIJ$beng$erda$edcrmb$cKIJ$dOCLCQ$dOCLCO$dDGU$dMNU
=043  \\$as-fg---
=050  0\$aF2351$b.P97 1798
=100  1\$aPrudhomme, Louis Marie,$d1752-1830,$eauthor.
=245  10$aVoyage a la Guiane et a Cayenne, fait en 1789 et années suivantes :$bcontenant une description géographique de ces contrées, l'historie de leur découverte ; les possessions et etablissemens des Français, des Hollandais, des Espagnols et des Portugais dans cet immense pays : le climat, les productions de la terre, les animaux, les noms des rivières, celui des differentes nations sauvages, leurs coutumes et le commerce le plus avantageux qu'on peut y faire : les particularités les plus remarquables de l'Orenoque et du fleuve des Amazones : des observation, 1o. pour entrar dans le port de Cayenne et y bien mouiller, 2o. pour en sortir en évitant tous les dangers, 3o. les distances et les routes des principaux lieux de la Guiane, les vents qui règnent sur les côtes : suivi d'un vocabulaire Français et Galibi des noms, verbes et adjectifs les plus usités dans notre langue, comparée a celle des Indiens de la Guiane, pour se faire entendre relativement aux objets les plus nécessaires aux besoins de la vie /$cpar L ... M ... B ..., armateur ; ouvrage orné de cartes et de gravures.
=264  \1$aA Paris :$bChez l'éditeur, rue des marais, no. 20, F.G.,$can VI de la République [1798]
=300  \\$aix, [1], 400 pages, 4 leaves of plates (1 folded) :$billustrations, color map ;$c21 cm (8vo)
=336  \\$atext$btxt$2rdacontent
=337  \\$aunmediated$bn$2rdamedia
=338  \\$avolume$bnc$2rdacarrier
=340  \\$m8vo$0http://rdaregistry.info/termList/bookFormat/1003
=500  \\$aSignatures: pi⁶ A-2B⁸
=500  \\$aLeaf pi1 is blank.
=500  \\$a"Not an actual voyage, but a mere compilation from other works."--Sabin, Bibl. amen.
=500  \\$aIncludes a printed facsimile of the author's signature on the verso of the half title page.
=500  \\$aErrata preceding p. 1.
=500  \\$aVocabulaire Français et Galibi, p. [371]-400.
=500  \\$a"Carte de la Guyane Française et l'isle de Cayenne, dressée et gravée par Dalencour ..." [and] "Isle de Cayenne dans la Guyane" [and] "Plan de la ville et du Fort Michel de Cayenne" facing p. 1.
=510  4\$aSabin,$c16:66412
=505  0\$a(From t.p.) Une description géographique de ces contrées, l'histoire de leur découverte, les possessions et etablissemens des Français, des Hollandais, des Espagnols et des Portugais dans cet immense pays -- Le climat, les productions de la terre, les animaux, les noms des rivières, celui des differentes nations sauvages, leurs coutumes et le commerce le plus avantageux qu'on peut y faire -- Les particularités les plus remarquables de l'Orenoque et du fleuve des Amazones
=505  0\$a(Cont.) Des observations, 1.̊ pour entrer dans le port de Cayenne et y bien mouiller, 2.̊ pour en sortir en évitant tous les dangers, 3.̊ les distances et les routes des principaux lieux de la Guiana, les vents qui règnent sur les côtes -- Suivi d'un vocabulaire français et galibi des noms, verbes et adjectifs les plus usités dans notre langue, comparée a celle des indiens de la Guiane, pour se faire entendre relativement aux objets les plus nécessaires aux besoins de la vie
=651  \0$aGuiana$xDescription and travel$vEarly works to 1800.
=651  \0$aFrench Guiana$xDescription and travel$vEarly works to 1800.
=651  \0$aGuiana$xColonization$vEarly works to 1800.
=651  \0$aFrench Guiana$xSocial life and customs$vEarly works to 1800.
=651  \0$aFrench Guiana$xCommerce$vEarly works to 1800.
=650  \0$aNatural history$zGuiana$vPre-Linnean works.
=650  \0$aIndians of South America$zGuiana$xLanguages$vEarly works to 1800.
=650  \0$aIndians of South America$zGuiana$xSocial life and customs$vEarly works to 1800.
=650  \0$aCarib language$vEarly works to 1800.
=651  \0$aFrench Guiana$vMaps$vEarly works to 1800.
=700  1\$aDalencour,$dactive 1798,$eengraver.
=909  \\$acat$bMNU$c2018-05-04$dm-mccl
=913  \\$avb16
=981  \\$cTWILS$dBELL
=997  \\$a773124145
=998  \\$aLDR:04675cam#a2200517Ii#4500
=998  \\$b008:840928s1798####fr#abf########000#0#fre#d

