=LDR  05298cas a2200733Ii 4500
=001  9975711908901701
=005  20180724142419.0
=008  161222d17971801pauar\\\\\r\\l0\\\a0eng\d
=035  \\$a(OCoLC)966953208
=040  \\$aNYP$beng$edcrms$erda$cNYP$dOCLCA$dOCLCF$dOCLCA$dMNU
=043  \\$an-us-pa$an-us---
=049  \\$aMNUA
=050  \4$aF158.2
=100  1\$aStafford, Cornelius William,$eeditor,$epublisher.
=245  14$aThe Philadelphia directory for ... :$bcontaining the names, occupations, and places of abode of the citizens, arranged in alphabetical order : also a register of the executive, legislative, and judicial magistrates of the United States, the constitution of the United States, officers of the Commonwealth of Pennsylvania, and the magistrates of the city : with an accurate table of the duties on goods, wares, and merchandize : together with a general abstract from the revenue laws ... to all which are added, an account of the post office establishment, the banks, tables of monies, &c., with an alphabetical list of the streets, lanes, and alleys /$cby Cornelius William Stafford.
=264  \1$a[Philadelphia] :$bPrinted for the editor, by William W. Woodward, no. 17, Chesnut Street,$c1797-1801.
=300  \\$a5 volumes :$bmap ;$c17 cm (8vo)
=310  \\$aAnnual
=336  \\$atext$btxt$2rdacontent
=336  \\$acartographic image$bcri$2rdacontent
=337  \\$aunmediated$bn$2rdamedia
=338  \\$avolume$bnc$2rdacarrier
=340  \\$m8vo$0http://rdaregistry.info/termList/bookFormat/1003
=362  0\$a1797-1801.
=588  \\$aDescription based on: 1797. Title from title page.
=588  \\$aLatest issue consulted: 1801.
=500  \\$aFinal part of other title information varies slightly in issues for 1798-1800. 1798: "To all which are added ... tables of monies, some remarks on the yellow fever, &c. ..." 1799: "To all which are added ... the banks, stamp duties, tables of monies, &c. ..." 1800: "To all which are added ... the banks, stamp duties, tables of monies, an almanack on a new construction ..."
=500  \\$aOther title information following "alphabetical order" varies in issue for 1801: "Also a register of the Constitution of the United States, ministers, consuls, &c. from foreign powers to the United States, and from the United States to foreign powers : with an accurate table of the duties on goods, wares, and merchandize, with further information respecting the custom-house : to which is prefixed, an alphabetical list of the streets, lanes, and alleys."
=500  \\$aEngraved map on folded leaf in issue for 1797, captioned "Plan of the city of Philadelphia."
=510  4\$aEnglish short title catalogue,$cW31438, W27617, W31516, W974
=510  4\$aSabin, J. Dictionary of books relating to America from its discovery to the present time,$c61605
=510  4\$aEvans, C. American bibliography,$c32868, 34593, 36353, 38262, 38549
=510  4\$aShaw, R.R. American bibliography,$c1347
=510  4\$aSpear, D.N. Bibliography of American directories through 1860,$cpages 275-276
=500  \\$aIssue for 1798 has label on front cover: "The editor takes this method of informing the public, that he is sorry to have been deprived the pleasure of having produced this work at the usual time. The delay has originated in consequence of the yellow fever ..."
=530  \\$aAlso available online via Early American Imprints (Series 1, no. 32868, 34593, 36353, 38549; series 2, no. 2893). Issue for 1798 (Library of Congress copy) also available online via Eighteenth Century Collections online (Gale document number CB129638921).
=651  \0$aPhiladelphia (Pa.)$vDirectories$vEarly works to 1800.
=651  \0$aPhiladelphia (Pa.)$vMaps$vEarly works to 1800.
=651  \0$aUnited States$xOfficials and employees$vRegisters$vEarly works to 1800.
=651  \0$aPennsylvania$xOfficials and employees$vRegisters$vEarly works to 1800.
=651  \0$aPhiladelphia (Pa.)$xOfficials and employees$vRegisters$vEarly works to 1800.
=650  \0$aTariff$xLaw and legislation$zUnited States$vEarly works to 1800.
=650  \0$aYellow fever$zPennsylvania$zPhiladelphia$vEarly works to 1800.
=650  \0$aAlmanacs, American.
=650  \7$aAlmanacs, American.$2fast$0(OCoLC)fst00805775
=650  \7$aEmployees$2fast$0(OCoLC)fst00909111
=650  \7$aTariff$xLaw and legislation.$2fast$0(OCoLC)fst01143167
=650  \7$aYellow fever.$2fast$0(OCoLC)fst01182653
=651  \7$aPennsylvania$2fast$0(OCoLC)fst01204598
=651  \7$aPennsylvania$zPhiladelphia$2fast$0(OCoLC)fst01204170
=651  \7$aUnited States$2fast$0(OCoLC)fst01204155
=655  \7$aDirectories.$2fast$0(OCoLC)fst01423796
=655  \7$aEarly works.$2fast$0(OCoLC)fst01411636
=655  \7$aMaps.$2fast$0(OCoLC)fst01423704
=655  \7$aRegisters (Lists)$2fast$0(OCoLC)fst01919964
=700  1\$aWoodward, William W.,$eprinter.
=710  12$iContainer of (work):$aUnited States.$tConstitution.
=752  \\$aUnited States$bPennsylvania$dPhiladelphia.
=785  00$aRobinson, James.$tPhiladelphia directory, city and county register for ...
=909  \\$acat$bMNU$c2018-03-22$dkkdavis
=913  \\$avb16
=997  \\$a966953208
=998  \\$aLDR:05173cas#a2200697Ii#4500
=998  \\$b008:161222d17971801pauar#####r##l0###a0eng#d

