=LDR  03363cam a2200601Mi 4500
=001  9975711987601701
=005  20181108160806.0
=008  860609s1800\\\\pau\\\\\\\\\\f000\0\eng\d
=035  \\$a(OCoLC)712648185
=035  \\$aMB6494
=040  \\$aNHi$beng$erda$edcrmb$cN15$dOCLCQ$dOCLCO$dOCLCA$dOCLCF$dMNU
=043  \\$an-us---$ae-uk---
=099  \9$a1800 Ma
=100  1\$aFitzSimons, Thomas,$d1741-1811,$eauthor.
=245  12$aA brief statement of opinions, given in the Board of Commissioners, under the sixth article of the Treaty of Amity, Commerce, and Navigation, with Great Britain :$bwith an appendix, containing certain articles of the treaties with Great-Britain; the commissions under the said sixth article of the Treaty of Amity; and references to opinions delivered by judges of the Supreme and Circuit Courts of the United States: /$cby one of the commissioners under the said sixth article.
=246  1\$iHalf title:$aBrief statement of opinions given in the board of commissioners &c. &c. &c
=264  \1$aPhiladelphia: :$bPrinted by James Humphreys, no. 106, South Side of Market-Street.,$c1800.
=300  \\$aviii, 71, [1] page ;$c21 cm (8vo)
=336  \\$atext$btxt$2rdacontent
=337  \\$aunmediated$bn$2rdamedia
=338  \\$avolume$bnc$2rdacarrier
=340  \\$m8vo$0http://rdaregistry.info/termList/bookFormat/1003
=500  \\$aAdvertisement on pages [v]-vi.
=500  \\$aSignatures: pi⁴ A-I⁴.
=500  \\$aAttributed to Thomas Fitzsimons by Evans. Attributed to Thomas Macdonald in: Gaines, P.W. Cobbett; and in: Cole, G.D.H. Letters from William Cobbett to Edward Thornton written in the years 1797 to 1800, p. 58.
=510  4\$aEvans$c37428
=510  4\$aGaines, P.W. Cobbett,$c169
=510  4\$aSabin$c7904
=510  4\$aSabin$c7866
=510  4\$aESTC$cW30051
=500  \\$aN-YHS holds 2 copies, copy 1 with ownership inscription: P.A. Jay.$5NHi
=630  00$aTreaty of Amity, Commerce, and Navigation, with the United States of America$d(1794 November 19)
=651  \0$aUnited States$xHistory$yRevolution, 1775-1783$xClaims.
=650  \0$aAmerican loyalists
=611  27$aAmerican Revolution (1775-1783)$2fast$0(OCoLC)fst01351668
=630  07$aTreaty of Amity, Commerce, and Navigation, with the United States of America (1794 November 19)$2fast$0(OCoLC)fst01917559
=650  \7$aAmerican loyalists$2fast$0(OCoLC)fst00807279
=651  \7$aUnited States$2fast$0(OCoLC)fst01204155
=648  \7$a1775 - 1783$2fast
=655  \7$aClaims.$2fast$0(OCoLC)fst01774244
=655  \7$aHistory.$2fast$0(OCoLC)fst01411628
=700  1\$aMacdonald, Thomas,$dactive 1800.
=700  1\$aJay, Peter A.$q(Peter Augustus),$d1776-1843.
=700  1\$aHumphreys, James,$d1748-1810,$eprinter.
=710  2\$aBoard of Commissioners for Carrying into Effect the Sixth Article of the Treaty of Amity, Commerce, and Navigation Concluded between His Britannic Majesty and the United States of America.
=710  1\$aUnited States.$bSupreme Court.
=730  0\$aTreaty of Amity, Commerce, and Navigation, with the United States of America$d(1794 November 19)
=752  \\$aUnited States$bPennsylvania$dPhiladelphia.
=909  \\$acat$bMNU$c2018-09-11$dkkdavis
=913  \\$abellmini17
=997  \\$a712648185
=998  \\$aLDR:03306cam#a2200589Mi#4500
=998  \\$b008:860609s1800####pau##########f000#0#eng#d

