=LDR  01956cam a2200481Ii 4500
=001  9975697904101701
=005  20181019143715.0
=008  770526s1798\\\\fr\bf\\\\\\\\\000\0dfre\\
=010  \\$a   04009830 
=029  1\$aNLGGC$b144858355
=035  \\$aMB1590
=035  \\$a(OCoLC)2997392
=040  \\$aDLC$beng$erda$edcrmb$cIXA$dIXA$dOCLCQ$dOCLCF$dOCLCQ$dOCLCO$dOCL$dMNU
=043  \\$as-fg---$ae-fr---
=049  \\$aMNUA
=050  0\$aF2451$b.L63
=099  \9$a1798 Le
=100  1\$aLescallier, Daniel,$cbaron,$d1743-1822,$eauthor.
=245  10$aExposé des moyens de mettre en valeur et d'administrer la Guiane :$borné d'une carte /$cpar Daniel Lescallier, Ancien Ordonnateur de cette Colonie, et de la Guiane Hollandaise.
=250  \\$aNouvelle édition.
=264  \1$aA Paris :$bChez Du Pont, Imprimeur-Libraire, Rue de la Loi, No 1231,$can VI [1798]
=300  \\$axxiv, 237 pages, [1] folded leaf of plates :$bmap ;$c22 cm (8vo)
=336  \\$atext$btxt$2rdacontent
=337  \\$aunmediated$bn$2rdamedia
=338  \\$avolume$bnc$2rdacarrier
=340  \\$m8vo$0http://rdaregistry.info/termList/bookFormat/1003
=500  \\$aHalf-title.
=500  \\$aTitle vignette.
=500  \\$aErrata: pasted to page [239].
=500  \\$aSignatures: a⁸ b⁴ A-P⁸.
=651  \0$aFrench Guiana$xDescription and travel$vEarly works to 1800.
=651  \0$aFrench Guiana$xEconomic conditions$vEarly works to 1800.
=651  \0$aFrance$xColonies$zGuiana$vEarly works to 1800.
=650  \7$aEconomic history$2fast$0(OCoLC)fst00901974
=650  \7$aFrench colonies.$2fast$0(OCoLC)fst01930852
=650  \7$aTravel$2fast$0(OCoLC)fst01155558
=651  \7$aSouth America$zGuiana$2fast$0(OCoLC)fst01240807
=651  \7$aFrench Guiana$2fast$0(OCoLC)fst01206832
=909  \\$acat$bMNU$c2018-03-08$dm-mccl
=913  \\$avb16
=997  \\$a2997392
=998  \\$aLDR:01861cam#a2200445Ii#4500
=998  \\$b008:770526s1798####fr#bf#########000#0dfre##

