=LDR  01650cam a2200385Ii 4500
=001  9975698203601701
=005  20181019143716.0
=008  840207s1798\\\\fr\\\\\\\\\\\\000\0\fre\d
=010  \\$a   06011155 
=035  \\$aMB4740
=035  \\$a(OCoLC)82949232
=040  \\$aJHE$beng$erda$edcrmb$cJHE$dOCLCG$dOCLCO$dOCLCQ$dMNU
=043  \\$an-us---$ae------
=049  \\$aMNUA
=050  \\$aHF3025$b.G86
=099  \9$a1798 Gr
=100  1\$aGriffith, Thomas Waters,$d1767-1838,$esupposed author.
=245  12$aL'indépendence absolue des Américains des États-Unis :$bprouvée par l'état actuel de leur commerce avec les nations européennes.
=264  \1$aA Paris :$bChez Laran ...,$cAn. VI.-1798.
=300  \\$a[2], 149, [1] pages ;$c20 cm (8vo)
=336  \\$atext$btxt$2rdacontent
=337  \\$aunmediated$bn$2rdamedia
=338  \\$avolume$bnc$2rdacarrier
=340  \\$m8vo$0http://rdaregistry.info/termList/bookFormat/1003
=500  \\$aSignatures: pi² (-pi2) A-T⁴ (-T4).
=500  \\$aAscribed to Thomas W. Griffith by NUC.
=500  \\$aWritten in reply to Fauchet's Coup d'oeil sur l'état actuel de nos rapparts politiques avec les Etats-Unis.
=510  4\$aSabin, J. Dictionary of books relating to America from its discovery to the present time,$c34441
=651  \0$aUnited States$xCommerce$zEurope.
=600  10$aFauchet, Joseph,$cbaron,$d1761-1834.$tCoup d'oeil sur l'état actuel de nos rapports politiques avec les États-Unis.
=909  \\$acat$bMNU$c2018-03-08$dm-mccl
=913  \\$avb16
=997  \\$a82949232
=998  \\$aLDR:01582cam#a2200349Ii#4500
=998  \\$b008:840207s1798####fr############000#0#fre#d

