=LDR  02550cam a2200529Ii 4500
=001  9975698203801701
=005  20181019143717.0
=008  830518s1798\\\\gw\af\\\\\\\\\001\0\ger\d
=035  \\$aMB6504
=035  \\$a(OCoLC)9521075
=040  \\$aVXG$beng$erda$edcrmb$cVXG$dOCL$dOCLCQ$dOCLCG$dOCLCQ$dOCLCF$dOCLCO$dOCLCQ$dOCLCA$dOCL$dOCLCQ$dMNU
=041  1\$ager$alat$hswe
=043  \\$anwgp---$anwna---$anwxi---$anw-----
=049  \\$aMNUA
=050  \4$aF2089$b.E86 1798
=099  \9$a1798 Eu
=100  1\$aEuphrasén, Bengt Anders,$d1756-1796,$eauthor.
=240  10$aBeskrifning o̊fver Svenska vestindiska o̊n St. Barthelemi samt o̊arne St. Eustache och St. Christopher.$lGerman
=245  10$aHerrn Bengt And. Euphraséns Reise nach der schwedisch-westindischen Insel St. Barthelemi und den inseln St. Estache und St. Christoph, oder, Beschreibung der Sitten, Lebensart der Einwohner, Lage, Beschaffenheit und natürlichen Produkte dieser Inseln /$caus dem Schwedischen von Joh. Georg Lud. Blumhof.
=264  \1$aGöttingen :$bBey Johann Christian Dieterich,$c1798.
=300  \\$a308, [19] pages, [2] leaves of plates :$billustrations ;$c18 cm (8vo)
=336  \\$atext$btxt$2rdacontent
=337  \\$aunmediated$bn$2rdamedia
=338  \\$avolume$bnc$2rdacarrier
=340  \\$m8vo$0http://rdaregistry.info/termList/bookFormat/1003
=500  \\$aFraktur.
=510  4\$aPritzel (1st ed.)$c3049
=500  \\$a"Pflanzen": pages 147-264.
=500  \\$aIncludes index.
=651  \0$aSaint Barthelemy$xDescription and travel$vEarly works to 1800.
=650  \0$aBotany$zSaint Barthelemy$vEarly works to 1800.
=651  \0$aSint Eustatius$xDescription and travel$vEarly works to 1800.
=651  \0$aSaint Kitts and Nevis$xDescription and travel$vEarly works to 1800.
=650  \0$aBotany$zWest Indies$vEarly works to 1800.
=650  \7$aBotany$2fast$0(OCoLC)fst00836869
=650  \7$aTravel$2fast$0(OCoLC)fst01155558
=651  \7$aSaint Barthelemy$2fast$0(OCoLC)fst01229853
=651  \7$aSaint Kitts and Nevis$2fast$0(OCoLC)fst01211574
=651  \7$aSint Eustatius$2fast$0(OCoLC)fst01264472
=651  \7$aWest Indies$2fast$0(OCoLC)fst01243265
=700  1\$aBlumhof, Johann Georg Ludolph,$d1774-1825,$etranslator.
=740  0\$aReise nach der schwedisch-westindischen Insel St. Barthelemi und den inseln St. Eustache und St. Christoph.
=909  \\$acat$bMNU$c2018-03-08$dm-mccl
=913  \\$avb16
=997  \\$a9521075
=998  \\$aLDR:02472cam#a2200493Ii#4500
=998  \\$b008:830518s1798####gw#af#########001#0#ger#d

