=LDR  02217nam a2200505Ii 4500
=001  9975698206401701
=005  20181019143722.0
=008  180307s1798\\\\sw\\\\\\\\\\\\001\0\swe\\
=035  \\$aMB6503
=035  \\$a(OCoLC)1027793148
=040  \\$aMNU$beng$erda$edcrmb$cMNU
=041  1\$aswe$hfre
=043  \\$af-sa---
=049  \\$aMNUA
=050  \4$aDT823$b.L519 1798
=099  \9$a1798 Lev
=100  1\$aLe Vaillant, François,$d1753-1824,$eauthor.
=240  10$aVoyage de M. Le Vaillant dans l'intérieur de l'Afrique.$lSwedish.
=245  10$aLe Vaillants Sednare resa uti Södra Africa, åren 1784 och 1785, från Goda Hopps Udden jämte Atlantiska Hafwet til och innom Wändkretsen :$bsammandrag
=246  30$aSednare resa uti Södra Africa, åren 1784 och 1785.
=264  \0$aStockholm :$bTryckt i Kongl. Ordens Boktryckeriet, hos Assessoren Johan Pfeiffer,$c1798.
=300  \\$a2 volumes ;$c20 cm (8vo)
=336  \\$atext$btxt$2rdacontent
=337  \\$aunmediated$bn$2rdamedia
=338  \\$avolume$bnc$2rdacarrier
=340  \\$m8vo$0http://rdaregistry.info/termList/bookFormat/1003
=500  \\$aTitle page vignettes, head- and tail-pieces.
=500  \\$aFraktur.
=500  \\$aIndex and errata at end of each volume.
=500  \\$aForeward by Samuel Ödmann.
=500  \\$aTranslation of the first part of Voyage de m. Le Vaillant dans l'intérieur de l'Afrique ... dans les années 1780 [-85]. Paris, 1790.
=651  \0$aCape of Good Hope (South Africa)$xDescription and travel$vEarly works to 1800.
=651  \0$aSouth Africa$xDescription and travel$vEarly works to 1800.
=650  \0$aVoyages and travels$vEarly works to 1800.
=650  \7$aTravel$2fast$0(OCoLC)fst01155558
=650  \7$aVoyages and travels$2fast$0(OCoLC)fst01169308
=651  \7$aSouth Africa$2fast$0(OCoLC)fst01204616
=651  \7$aSouth Africa$zCape of Good Hope$2fast$0(OCoLC)fst01213442
=655  \7$aEarly works.$2fast$0(OCoLC)fst01411636
=700  1\$aÖdmann, Samuel,$d1750-1829,$etranslator.
=909  \\$acat$bMNU$c2018-03-07$dm-mccl$eori
=913  \\$avb16
=997  \\$a1027793148
=998  \\$aLDR:02168nam#a2200469Ii#4500
=998  \\$b008:180307s1798####sw############001#0#swe##

