=LDR  02009cam a2200433 a 4500
=001  9975698308101701
=005  20181019143709.0
=008  800701s1798\\\\enk\\\\\\\\\\\000\0\fre\\
=010  \\$a   12028224 
=029  1\$aAU@$b000025397517
=035  \\$aMB6505
=035  \\$a(OCoLC)6476384
=040  \\$aDLC$beng$edcrb$cCOO$dDLC$dOCLCG$dOCLCF$dOCLCQ$dOCLCO$dOCLCA$dUEJ$dMNU
=041  1\$afre$hpor
=043  \\$af------
=049  \\$aMNUA
=050  00$aHT1322$b.C83
=051  \\$aHT1221$b.C388 Copy 1$cLC copy has ink inscription on t.p.: Peragallo Lisbona 1893. With: Carvalho,   Antonio Pedro de. Das origens da escravidão em Portugal. Lisboa : Typographia Universal de Thomaz Quintino Antunes,   1877.
=099  \9$a1798 Cu
=100  1\$aAzeredo Coutinho, José Joaquim da Cunha de,$d1742-1821.
=240  10$aAnalyse sobre a justiçao do commercio do resgate dos escravos da costa da Africa.$lFrench
=245  10$aAnalyse sur la justice du commerce du rachat des esclaves de la côté d'Afrique /$cpar Joseph-Joachim da Cunha de Azeredo Coutinho.
=260  \\$aA Londres :$bDe l'Imprimerie de Baylis ... :$bSe vend chez A. Dulau & Co. ..., J. Stockdale ..., J. Deboffe ..., T. Boosey ...,$c1798.
=300  \\$axvii, [1], 68 p. ;$c20 cm. (8vo)
=336  \\$atext$btxt$2rdacontent
=337  \\$aunmediated$bn$2rdamedia
=338  \\$avolume$bnc$2rdacarrier
=340  \\$m8vo$0http://rdaregistry.info/termList/bookFormat/1003
=546  \\$aFrench translation of: Analyse sobre a justiçao do commercio do resgate dos escravos da costa da Africa.
=500  \\$aSignatures: [A]² B-L⁴ M².
=650  \0$aSlave trade$zAfrica$vEarly works to 1800.
=650  \7$aSlave trade.$2fast$0(OCoLC)fst01120405
=651  \7$aAfrica.$2fast$0(OCoLC)fst01239509
=655  \7$aEarly works.$2fast$0(OCoLC)fst01411636
=909  \\$acat$bMNU$c2018-03-08$dm-mccl
=913  \\$aVB16
=997  \\$a6476384
=998  \\$aLDR:01925cam#a2200397#a#4500
=998  \\$b008:800701s1798####enk###########000#0#fre##

