=LDR  03964cam a2200745Ii 4500
=001  9975698308601701
=005  20181019143709.0
=008  041206s1798\\\\enkabcf\\b\\\\000\0deng\d
=029  0\$aNZ1$b8999636
=029  1\$aAU@$b000002717026
=029  1\$aNZ1$b1163090
=029  1\$aNLNZL$b9911630903502836
=035  \\$aB1664
=035  \\$a(OCoLC)156729668
=040  \\$aNz$beng$erda$edcrmb$cNZAWM$dOCLCG$dAU@$dRIOSL$dOCLCA$dOCLCQ$dOCLCO$dOCLCQ$dUEJ$dOCLCA$dMNU
=043  \\$as------$ap------$als-----
=049  \\$aMNUA
=050  \4$aF2213$b.C71
=082  04$a910.41$220
=082  04$a910.021636$220
=099  \9$a1798 Col
=100  1\$aColnett, James,$d1755?-1806,$eauthor.
=245  12$aA voyage to the South Atlantic and round Cape Horn into the Pacific Ocean, for the purpose of extending the spermaceti whale fisheries, and other objects of commerce, by ascertaining the ports, bays, harbours, and anchoring births, in certain islands and coasts in those seas at which the ships of the British merchants might be refitted /$cUndertaken and performed by Captain James Colnett of the Royal Navy in the ship Rattler.
=246  17$aVoyage to the South Seas
=264  \0$aLondon :$bPrinted for the author by W. Bennett. Marsham Street, Westminster,$c1798.
=264  \1$aLondon :$bSold by A. Arrowsmith, Charles Street, Soho; Stockdale, Piccadilly; Edgerton, Charing Cross; Elmsly, Strand; and White, Fleet Street.
=300  \\$aiv, [iii]-vi, xviii, 179 pages, [10] leaves of plates (6 folded) :$billustrations, maps, portrait ;$c32 cm (4to)
=336  \\$atext$btxt$2rdacontent
=337  \\$aunmediated$bn$2rdamedia
=338  \\$avolume$bnc$2rdacarrier
=340  \\$m4to$0http://rdaregistry.info/termList/bookFormat/1002
=504  \\$aIncludes bibliographical references to New Zealand.
=500  \\$aCompiled by William Combe from Captain Colnett's notes.
=500  \\$aPlates signed "G. Allen," and "A. Arrowsmith" ; port. of Sir Philip Stevens signed "Painted by W. Beechey R.A. Painter to Her Majesty. Published ... 1798 by Capn James Colnett RN. Engraved by J. Collyer ..."
=500  \\$aPrinted on mouldmade paper with watermark "1796."
=500  \\$aSignatures: pi⁴ a-b⁴ c² (-c2) A-Y⁴ Z².
=510  4\$aEnglish short title catalogue,$cT144563
=510  4\$aCox, E.G. Reference guide to the literature of travel,$cII, p. 286
=530  \\$aAlso available on microfilm: (The Eighteenth Century; reel 1611, no. 17222).
=600  10$aColnett, James,$d1755?-1806$xTravel.
=610  20$aRattler (Ship)
=650  \0$aVoyages and travels$vEarly works to 1800.
=651  \0$aPacific Coast (South America)$xDiscovery and exploration$xBritish$vEarly works to 1800.
=651  \0$aSouth Atlantic Ocean$xDiscovery and exploration$xBritish$vEarly works to 1800.
=651  \0$aSouth America$xDiscovery and exploration$xBritish$vEarly works to 1800.
=655  \7$aExploration literature.$2rbgenr
=655  \7$aIllustrated works$zEngland$zLondon$y18th century.$2rbgenr
=655  \7$aWatermarks (Paper)$zEngland$y18th century.$2rbgenr
=700  1\$aCombe, William,$d1742-1823,$ecompiler.
=700  1\$aBennett, W.,$dactive 1798,$eprinter.
=700  1\$aArrowsmith, Aaron,$d1750-1823,$eillustrator.
=700  1\$aAllen, George,$dactive 1790-1821,$eillustrator.
=700  1\$aBeechey, William,$cSir,$d1753-1839,$eillustrator.
=700  1\$aColnett, James,$d1755?-1806,$eillustrator.
=700  1\$aCollyer, Joseph,$d1748-1827,$eillustrator.
=700  1\$aStockdale, John,$d1749?-1814,$ebookseller.
=700  1\$aEdgerton, T.,$dactive 1783-1798,$ebookseller.
=700  1\$aElmsley, Peter,$d1734 or 1735-1802,$ebookseller.
=700  1\$aWhite, Benjamin,$dactive 1785-1798,$ebookseller.
=752  \\$aEngland$dLondon.
=909  \\$acat$bMNU$c2018-03-07$dm-mccl
=913  \\$avb16
=997  \\$a156729668
=998  \\$aLDR:03850cam#a2200709Ii#4500
=998  \\$b008:041206s1798####enkabcf##b####000#0deng#d

