=LDR  02828cam a2200577Ii 4500
=001  9975698309301701
=005  20181019143710.0
=008  060323s1798\\\\ne\abf\\\\\\\\000\0\dut\d
=035  \\$aMB4593
=035  \\$a(OCoLC)65191991
=040  \\$aUMS$beng$erda$edcrmb$cUMS$dNLGGC$dSLU$dOCLCG$dOCLCF$dOCLCO$dOCLCQ$dOCLCO$dMNU
=041  1\$adut$heng
=043  \\$an-cn---$ar------
=049  \\$aMNUA
=050  \4$aF1060.7$b.H4415 1798
=084  \\$a15.85$2bcl
=099  \9$a1798 He
=100  1\$aHearne, Samuel,$d1745-1792,$eauthor.
=240  10$aJourney from Prince of Wales's fort in Hudson's Bay to the Northern ocean.$lDutch
=245  10$aLandreis van 't Prins van Wallis Fort aan Hudsons Baai naar den Noorder-Oceaan :$bondernomen op bevel van de Maatschaapij der Hudsons Baai ter ontdekkinge van koper-mijnen, een noord-westen doortogt, enz. in de jaren 1769, 1770, 1771 en 1772 /$cdoor Samuel Hearne ; uit het Engelsch vertaald met aanmerkingen van Johann Reinhold Forster ; met platen en kaarten.
=246  1\$iHalf-title:$aSamuel Hearne's Landkreis naar den Noorder-Ocean in twee deelen.
=264  \1$aIn den Haage :$bBij J.C. Leeuwnstijn,$c1798.
=300  \\$a2 volumes, 4 folded leaves of plates :$billustrations, maps ;$c23 cm (8vo)
=336  \\$atext$btxt$2rdacontent
=337  \\$aunmediated$bn$2rdamedia
=338  \\$avolume$bnc$2rdacarrier
=340  \\$m8vo$0http://rdaregistry.info/termList/bookFormat/1003
=500  \\$aSignatures: volume 1: [star]⁸ A-P⁸ Q⁴; volume 2: pi² A-S⁸ T².
=500  \\$aHead- and tail-pieces.
=500  \\$aInstructions to the binder: volume 1, page 16; volume 2, page [291].
=650  \0$aIndians of North America$zNorthwest, Canadian$vEarly works to 1800.
=650  \0$aNatural history$zNorthwest, Canadian$vPre-Linnean works.
=651  \0$aNorthwest, Canadian$xDescription and travel$vEarly works to 1800.
=651  \0$aNorthwest, Canadian$xDiscovery and exploration$vEarly works to 1800.
=651  \0$aNorthwest Passage$vEarly works to 1800.
=650  \7$aDiscoveries in geography$2fast$0(OCoLC)fst00894950
=650  \7$aIndians of North America$2fast$0(OCoLC)fst00969633
=650  \7$aNatural history.$2fast$0(OCoLC)fst01034268
=650  \7$aTravel$2fast$0(OCoLC)fst01155558
=651  \7$aArctic Ocean$zNorthwest Passage.$2fast$0(OCoLC)fst01242546
=651  \7$aCanada$zCanadian Northwest$2fast$0(OCoLC)fst01242540
=650  17$aHudson's Bay Company.$2gtt
=650  17$aNoordwestpassage.$2gtt
=650  17$aOntdekkingsreizen.$2gtt
=700  1\$aForster, Johann Reinhold,$d1729-1798,$etranslator.
=700  1\$aLeeuwestijn, J. C.,$ebookseller.
=909  \\$acat$bMNU$c2018-03-07$dm-mccl
=913  \\$avb16
=997  \\$a65191991
=998  \\$aLDR:02724cam#a2200541Ii#4500
=998  \\$b008:060323s1798####ne#abf########000#0#dut#d

