=LDR  01813nam a2200385 a 4500
=001  9955441270001701
=005  20170404060822.0
=008  121030s1781\\\\enk\\\\\\\\\\\001\0\eng\d
=035  \\$a(Aleph)006397588UMN01
=035  \\$aMB2154
=035  \\$a(OCoLC)815409216
=040  \\$aMNU$edcrmb$beng$cMNU
=049  \\$aMNUA
=099  \9$a1781 Re
=245  00$aRemarks on the administration of the East-India Company's affairs in India, particularly from April 1772 to February 1780 :$binterspersed with observations on the country, the natives, and the measures proper to be adopted, and necessary to be steadily pursued, in order to secure and to render permanently useful to the British Nation, their possessions in India.
=260  \\$a[London?] :$b[publisher not identified],$c[1781?]
=300  \\$avi, 169 pages, 1 unnumbered page, cvii, 1 unnumbered page ;$c21 cm (8vo)
=336  \\$atext$btxt$2rdacontent
=337  \\$aunmediated$bn$2rdamedia
=338  \\$avolume$bnc$2rdacarrier
=340  \\$m8vo$0http://rdaregistry.info/termList/bookFormat/1003
=500  \\$aDedication: "To the Right Honourable Frederick Lord North, first Lord Commissioner of His Majesty's Treasury, Chancellor of the Exchequer, &c. &c. &c. ...by the author, London, the 15th March, 1781."
=500  \\$aSignatures: [A]⁴ (-A4) B-Y⁴ chi² (-chi2) a-n⁴ o²
=500  \\$aIncludes indexes.
=610  20$aEast India Company
=651  \0$aIndia$xHistory$y18th century.
=651  \0$aGreat Britain$xRelations$zIndia.
=651  \0$aIndia$xRelations$zGreat Britain.
=700  1\$aNorth, Frederick,$cLord,$d1732-1792,$ededicatee.
=926  \\$aMARS
=967  \\$ascs20170325
=968  \\$aRDA ENRICHED
=997  \\$a815409216
=998  \\$aLDR:01731nam#a2200361#a#4500
=998  \\$b008:121030s1781####enk###########001#0#eng#d

