=LDR  01506nam a22003372a 4500
=001  9928552460001701
=005  20180306171808.0
=008  060711s1797\\\\po\\\\\\\\\\\\000\0\por\d
=035  \\$a(Aleph)004795722UMN01
=035  \\$a(OCoLC)72892416
=040  \\$aMnU$cMnU
=099  \9$a1797 Por
=245  00$aMemoria sobre a Caneleira, para acompanhara a remessa das plantas, que O Principe N. Senhor manda transporter para o Brazil.
=260  \\$aLisboa :$bRégia Oficina Tipográfica,$c1797.
=300  \\$a11 pages, 1 unnumbered page ;$c22 cm (4to.)
=336  \\$atext$btxt$2rdacontent
=337  \\$aunmediated$bn$2rdamedia
=338  \\$avolume$bnc$2rdacarrier
=340  \\$m4to$0http://rdaregistry.info/termList/bookFormat/1002
=520  \\$aConcerns the transportation of aromatic spice plants (including ginger, cinnamon, cloves, pepper and others) from India and other regions of the East to Brazil. Includes comments on the conditions for planting, the nature of the plants imported, and government practices related to this enterprise.
=650  \0$aSpice trade$zPortugal.
=651  \0$aPortugal$xCommerce$zIndia$vEarly works to 1800.
=651  \0$aPortugal$xColonies$xCommerce$vEarly works to 1800.
=651  \0$aBrazil$xCommerce$vEarly works to 1800.
=710  1\$aPortugal.$bImpressão Régia.
=926  \\$aMARS
=967  \\$ascs20170325
=968  \\$aRDA ENRICHED
=997  \\$a72892416
=998  \\$aLDR:01466nam#a22003252a#4500
=998  \\$b008:060711s1797####po############000#0#por#d

