=LDR  01233ntm a2200325 a 4500
=001  9928569180001701
=005  20170331030931.0
=008  060712s1732\\\\po\\\\\\\\\\\\000\0\por\d
=035  \\$a(Aleph)004795864UMN01
=035  \\$a(OCoLC)70575656
=040  \\$aMnU$cMnU
=099  \9$a1732 fPortugal1
=110  1\$aPortugal.$bSovereign (1706-1750 : John V)
=245  10$aLay porque V. Magestade ha por bem para evitar o prejuizo, que se segue ao bem publico, e comercio de seus Vassallos.
=260  \\$aLisboa,$c1732 November 29.
=300  \\$a4 unnumbered pages ;$c28 cm (folio)
=336  \\$atext$btxt$2rdacontent
=337  \\$aunmediated$bn$2rdamedia
=338  \\$avolume$bnc$2rdacarrier
=340  \\$mfolio$0http://rdaregistry.info/termList/bookFormat/1001
=520  \\$aCharter concerning the minting of gold coins.
=650  \0$aGold$xMinting$zPortugal$vEarly works to 1800.
=651  \0$aPortugal$xCommerce$vEarly works to 1800.
=651  \0$aPortugal$xCommercial policy$vEarly works to 1800.
=651  \0$aPortugal$xCommerce$zBrazil$vEarly works to 1800.
=926  \\$aMARS
=968  \\$aRDA ENRICHED
=997  \\$a70575656
=998  \\$aLDR:01161ntm#a2200313#a#4500
=998  \\$b008:060712s1732####po############000#0#por#d

