=LDR  01325nam a2200325 a 4500
=001  9928577840001701
=005  20170331030554.0
=008  060712s1751\\\\po\\\\\\\\\\\\000\0\por\d
=035  \\$a(Aleph)004795803UMN01
=035  \\$a(OCoLC)952673114
=040  \\$aMnU$cMnU
=099  \9$a1751 fPortugal1
=245  00$aAviso,$f1751 March 1, 11.
=260  \\$c1751.
=300  \\$a3 unnumbered pages ;$c29 cm (folio).
=336  \\$atext$btxt$2rdacontent
=337  \\$aunmediated$bn$2rdamedia
=338  \\$avolume$bnc$2rdacarrier
=340  \\$mfolio$0http://rdaregistry.info/termList/bookFormat/1001
=500  \\$a1 March 1751 for Diogo de Mendonça Corte Real, Señor Marquez de Abrantes concerning the casas da Moeda do Brazil -- 11 March 1751 for Diogo de Mendonça Corte Real, Señor Marquez de Abrantes concerning "manda practica com a 'Náos da India armadas em guerra".
=651  \0$aPortugal$xColonies$xCommerce$vEarly works to 1800.
=651  \0$aBrazil$xCommerce$vEarly works to 1800.
=700  1\$aMarquez de Abrantes,$dactive 1751,$eaddressee.
=700  1\$aCôrte-Real, Diogo de Mendonça,$d1658-1736,$eaddressee.
=926  \\$aMARS
=967  \\$ascs20170325
=968  \\$aRDA ENRICHED
=997  \\$a952673114
=998  \\$aLDR:01267nam#a2200301#a#4500
=998  \\$b008:060712s1751####po############000#0#por#d

