=LDR  01792cam a2200469 a 4500
=001  9952558580001701
=005  20170404015413.0
=008  790830s1777\\\\gw\abcf\\b\\\\001\0\ger\\
=010  \\$a   02008926 
=035  \\$a(Aleph)006250444UMN01
=035  \\$aMB6320
=035  \\$a(OCoLC)5325388
=040  \\$aDLC$beng$cCIN$dGZM$dCLU$dOCL$dOCLCG$dOCLCQ$dMnU
=041  1\$ager$heng
=043  \\$an------$as------$acl-----
=050  \4$aE143$b.R746
=082  04$a970
=099  \9$a1777 Ro1
=100  1\$aRobertson, William,$d1721-1793.
=240  10$aHistory of America.$lGerman
=245  10$aWilhelm Robertson's ... Geschichte von Amerika /$caus dem englischen übertsetzt von Johann Friedrich Schiller.
=246  30$aGeschichte von Amerika
=260  \\$aLeipzig :$bWeidmanns Erben und Reich,$c1777.
=300  \\$a2 volumes, including 6 unnumbered leaves of plates (5 folded) :$billustrations, portrait, maps ;$c21 cm (8vo)
=336  \\$atext$btxt$2rdacontent
=337  \\$aunmediated$bn$2rdamedia
=338  \\$avolume$bnc$2rdacarrier
=340  \\$m8vo$0http://rdaregistry.info/termList/bookFormat/1003
=500  \\$a"Verzeichniss der spanischen Bücher und Handschriften, die in dieser Geschichte angeführt werden": volume 2, pages 601-618.
=500  \\$aIndex on 57 unnumbered pages at end of volume 2.
=504  \\$aIncludes bibliographical references.
=651  \0$aAmerica$xHistory.
=651  \0$aAmerica$xDiscovery and exploration.
=651  \0$aLatin America$vBibliography.
=700  1\$aSchiller, Johann Friedrich,$d1737-1814,$etranslator.
=926  \\$aMARS
=967  \\$ascs20170325
=968  \\$aRDA ENRICHED
=997  \\$a5325388
=998  \\$aLDR:01712cam#a2200445#a#4500
=998  \\$b008:790830s1777####gw#abcf##b####001#0#ger##
=SID  \\$aZ39$bOCLC

