=LDR  01620aam a2200349 a 4500
=001  9952618280001701
=005  20170404020214.0
=008  000816s1777\\\\fr\\\\\\\d\\\\000\0\fre\d
=035  \\$a(Aleph)006219187UMN01
=035  \\$aMB2575
=035  \\$a(OCoLC)44798577
=040  \\$aYUS$edcrmb$cYUS$dOCLCQ$dMnU
=043  \\$ae-fr---
=099  \9$a1777 Di
=245  00$aDictionnaire portatif du commerce :$bcontenant 1° l'usage des différentes places de change ou commerce ... : 2° L'origine historique de toutes le communautés d'arts & métiers ... jusqu'au moment de leur suppression en Mars 1776 : 3° L'edit du 23 août 1776 qui les rétabli sous une nouvelle forme avec tous les réglements pour les maintenir ... : 4° Les différentes jurisdictions où elles peuvent être traduites ... : Ouvrage utile à tous les négociants, banquiers, &c.
=260  \\$aA Paris :$bChez Jean-François Bastien, Libraire, rue du Petit-Lyon, Fauxbourg Saint-Germain,$cMDCCLXXVII [1777]
=300  \\$a2 unnumbered pages, 528 pages ;$c17 cm (12mo)
=336  \\$atext$btxt$2rdacontent
=337  \\$aunmediated$bn$2rdamedia
=338  \\$avolume$bnc$2rdacarrier
=340  \\$m12mo$0http://rdaregistry.info/termList/bookFormat/1004
=500  \\$aHead- and tail-pieces.
=650  \0$aGuilds$zFrance.
=650  \0$aForeign exchange.
=700  1\$aBastien, Jean-François,$d1747-1824,$ebookseller.
=926  \\$aMARS
=967  \\$ascs20170325
=968  \\$aRDA ENRICHED
=997  \\$a44798577
=998  \\$aLDR:01599aam#a2200325#a#4500
=998  \\$b008:000816s1777####fr#######d####000#0#fre#d
=SID  \\$aZ39$bOCLC

