=LDR  02106cam a2200457 a 4500
=001  9952627150001701
=005  20170404015948.0
=008  860326s1776\\\\enk\\\\\\b\\\\001\0\eng\d
=035  \\$a(Aleph)006219200UMN01
=035  \\$aMB6434
=035  \\$a(OCoLC)16105678
=040  \\$aPAU$cPAU$dOCL$dOCLCQ$dGUL$dOCLCG$dOCLCQ$dHBS$dMnU
=043  \\$ae-uk---
=050  \4$aHT1162$b.S53 1776
=082  04$a330$bG62
=099  \9$a1776 Sha
=100  1\$aSharp, Granville,$d1735-1813.
=245  14$aThe law of retribution, or, A serious warning to Great Britain and her colonies :$bfounded on unquestionable examples of God's temporal vengeance against tyrants, slave-holders, and oppressors : the examples are selected from predictions in the Old Testament, of national judgements, which (being compared with their actual accomplishment) demonstrate "the sure word of prophecy," as well as the immediate interposition of Divine Providence, to recompence impenitent nations according to their works /$cby Granville Sharp.
=260  \\$aLondon :$bPrinted by W. Richardson, for B. White ... and E. and C. Dilly ...,$cMDCCLCCVI [1776]
=300  \\$a4 unnumbered pages, 357 pages, 3 unnumbered pages ;$c19 cm (8vo)
=336  \\$atext$btxt$2rdacontent
=337  \\$aunmediated$bn$2rdamedia
=338  \\$avolume$bnc$2rdacarrier
=340  \\$m8vo$0http://rdaregistry.info/termList/bookFormat/1003
=500  \\$aHalf-title.
=500  \\$aAdvertisements on last 2 pages.
=500  \\$aSignatures: 4 pages (uns.), A-Tt⁴, Uu², Xx-Yy⁴, 2 pages (uns.).
=504  \\$aIncludes bibliographical references and index.
=510  4\$aSabin,$c79826
=650  \0$aSlavery$zGreat Britain.
=650  \0$aSlave trade$zGreat Britain.
=650  \0$aSlavery in the Bible.
=650  \0$aSlavery$zGreat Britain$xColonies.
=655  \7$aBooksellers' advertisements$zEngland$y18th century.$2rbgenr
=926  \\$aMARS
=967  \\$ascs20170325
=968  \\$aRDA ENRICHED
=997  \\$a16105678
=998  \\$aLDR:02046cam#a2200445#a#4500
=998  \\$b008:860326s1776####enk######b####001#0#eng#d
=SID  \\$aZ39$bOCLC

