=LDR  01747nam a2200457 a 4500
=001  9952683440001701
=005  20170404020336.0
=008  131209s1773\\\\it\af\\\\\\\\\000\0\ita\d
=035  \\$a(Aleph)006034382UMN01
=035  \\$aMB2028
=035  \\$a(OCoLC)952653915
=040  \\$aMnU$edcrmb$cMnU
=041  1\$aita$hfre
=050  \4$aHB151
=099  \9$a1773 Co
=100  1\$aCoyer, Gabriel-François,$d1707-1782.
=240  10$aNoblesse commerçante.$lItalian
=245  13$aLa nobiltà [sic] commerciante /$cdel signore abate Coyer ; traduzione dal Francese di Giovanni de Carniel coll' introduzione, ed alcune note illustrative dello stesso traduttore.
=246  3\$aNobiltà commerciante.
=246  3\$aNobilità commerciante.
=260  \\$aIn Firenzi :$bAppresso Allegrini, Pisoni, e comp,$cMDCCLXXIII [1773]
=300  \\$a6 unnumbered pages, 224 pages, 1 unnumbered leaf of plates :$billustrations ;$c15 cm (12mo)
=336  \\$atext$btxt$2rdacontent
=337  \\$aunmediated$bn$2rdamedia
=338  \\$avolume$bnc$2rdacarrier
=340  \\$m12mo$0http://rdaregistry.info/termList/bookFormat/1004
=500  \\$aTranslation of La noblesse commerçante.
=500  \\$aDate appears before printer.
=500  \\$aFrontispiece: F.A., sc.
=650  \0$aCommerce$vEarly works to 1800.
=651  \0$aFrance$xCommerce$vEarly works to 1800.
=700  1\$aCarniel, Giovanni de,$etranslator.
=700  0\$aF. A.,$eengraver.
=700  1\$aSalsa,$cMarchese de,$eformer owner.$5MnU
=710  2\$aAllegrini, Pisoni e Comp.,$eprinter.
=926  \\$aMARS
=967  \\$ascs20170325
=968  \\$aRDA ENRICHED
=997  \\$a952653915
=998  \\$aLDR:01690nam#a2200433#a#4500
=998  \\$b008:131209s1773####it#af#########000#0#ita#d

