=LDR  01745cam a2200421 i 4500
=001  9946562620001701
=005  20170403031324.0
=008  871005s1784\\\\enk\\\\\\\\\\\000\0\eng\d
=035  \\$a(Aleph)006550801UMN01
=035  \\$aMB4684
=035  \\$a(OCoLC)319057398
=040  \\$aNz$beng$erda$edcrmb$cNZWTU$dMnU
=050  \4$aAC4
=099  \9$a1784 By
=100  0\$aMidshipman,$eauthor.
=245  12$aA journal of a voyage round the world, in His Majesty's ship the Dolphin, commanded by the Honourable Commodore Byron :$bIn which is contained ... among other particulars, an exact description of the streights of Magellan, and of the gigantic people called Patagonians : together with an accurate account of the seven islands lately discovered in the South Seas /$cby a Midshipman on board the said ship.
=264  \1$aLondon :$bPrinted for A. Millar, and J. Hodges,$cMDCCLXXXIV [1784]
=300  \\$a93 pages, 1 unnumbered page ;$c18 cm (12mo)
=336  \\$atext$2rdacontent
=337  \\$aunmediated$2rdamedia
=338  \\$avolume$2rdacarrier
=340  \\$m12mo$0http://rdaregistry.info/termList/bookFormat/1004
=510  4\$aESTC,$cN29109
=600  10$aByron, John,$d1723-1786$xTravel.
=610  20$aDolphin (Ship)
=650  \0$aVoyages around the world$vEarly works to 1800.
=700  1\$aMillar, A.,$ebookseller.
=700  1\$aHodges, J.,$ebookseller.
=700  1\$aRodríguez, José M.,$eformer owner.$5MnU
=710  2\$aBibliotheca Chizigonana,$eformer owner.$5MnU
=752  \\$aEngland$dLondon.
=926  \\$aMARS
=967  \\$ascs20170325
=968  \\$aRDA ENRICHED
=997  \\$a319057398
=998  \\$aLDR:01666cam#a2200397#i#4500
=998  \\$b008:871005s1784####enk###########000#0#eng#d
=SID  \\$aZ39$bOCLC

