=LDR  01394aam a2200385 i 4500
=001  9946566240001701
=005  20180801123851.0
=008  891207s1783\\\\sw\\\\\\\b\\\\000\0\lat\d
=035  \\$a(Aleph)006550820UMN01
=035  \\$a(OCoLC)83435184
=035  \\$aMB2603
=040  \\$aNeAmISG$beng$erda$cNEIGS$dOCLCQ$dMnU
=099  \9$a1783 Re
=100  1\$aRehn, Carol Johan,$erespondent.
=245  10$aHistoria vectigalis Öresundensis /$cquam venia ampliss. facult. phil. upsal. praeside Mag. Erico M. Fant ; publicae censurae subjicit Carolus Johannes Rehn.
=264  \1$aUpsaliae :$bJohan Edman,$c1783.
=300  \\$a16 pages ;$c19 cm (4to)
=336  \\$atext$2rdacontent
=337  \\$aunmediated$2rdamedia
=338  \\$avolume$2rdacarrier
=340  \\$m4to$0http://rdaregistry.info/termList/bookFormat/1002
=500  \\$a"In audit. Gust. Maj. D. XVII Dec. MDCCLXXXIII."
=502  \\$bPh.D.$cUppsala universitet$d1783
=504  \\$aIncludes bibliographical references.
=610  20$aSweden$xCommerce$vEarly works to 1800.
=700  1\$aFant, Eric Michael,$d1754-1817,$epraeses.
=710  2\$aUppsala universitet.
=926  \\$aMARS
=967  \\$ascs20170325
=968  \\$aRDA ENRICHED
=996  \\$bPh.D.$cUppsala universitet$d1783
=997  \\$a83435184
=998  \\$aLDR:01281aam#a2200361#i#4500
=998  \\$b008:891207s1783####sw#######b####000#0#lat#d
=SID  \\$aZ39$bOCLC

