=LDR  01241cam a2200349 i 4500
=001  9946568390001701
=005  20190108135620.0
=008  970212s1783\\\\enk\\\\\\\\\\\000\0\eng\d
=035  \\$a(Aleph)006550866UMN01
=035  \\$aMB4766
=035  \\$a(OCoLC)36376676
=040  \\$aIXA$beng$erda$edcrmb$cIXA$dOCLCQ$dMNU
=043  \\$aa-ii---
=049  \\$aMNUA
=099  \9$a1783 Sho
=100  0\$aCitizen,$dactive 1783?$eauthor.
=245  12$aA short address to the chartered companies of England :$bcalculated to point out the tendency of the bill brought into Parliament by Mr. Fox /$cby a citizen.
=264  \1$a[London] :$b[publisher not identified],$c[1783?]
=300  \\$a3 unnumbered pages, 4-15 pages, 1 unnumbered pages ;$c22 cm (8vo)
=336  \\$atext$2rdacontent
=337  \\$aunmediated$2rdamedia
=338  \\$avolume$2rdacarrier
=340  \\$m8vo$0http://rdaregistry.info/termList/bookFormat/1003
=600  10$aFox, Charles James,$d1749-1806.
=610  20$aEast India Company$xHistory.
=651  \0$aBengal (India)$xHistory.
=926  \\$aMARS
=967  \\$ascs20170325
=968  \\$aRDA ENRICHED
=997  \\$a36376676
=998  \\$aLDR:01171cam#a2200337#i#4500
=998  \\$b008:970212s1783####enk###########000#0#eng#d

