=LDR  01633aam a2200397 a 4500
=001  9946572920001701
=005  20170403031301.0
=008  870428s1794\\\\pau\\\\\\\\\\\000\0\eng\d
=035  \\$a(Aleph)006384495UMN01
=035  \\$aMB20015
=035  \\$a(OCoLC)19374312
=040  \\$aPAU$beng$erda$edcrmb$cPAU$dOCLCQ$dOCLCG$dMnU
=050  \4$aHB151
=099  \9$a1794 Di
=100  1\$aDilworth, Thomas,$d-1780,$eauthor.
=245  14$aThe young book-keeper's assistant :$bshewing him in the most plain and easy manner, the Italian way of stating debtor and creditor ... To which is annexed a synopsis or compendium of the whole art of stating debtor and creditor, in all the circumstances of book-keeping, both in proper, factorage and company accompts, domestic and foreign. /$cby Thomas Dilworth.
=250  \\$aThe twelfth edition.
=264  \1$aPhiladelphia :$bPrinted by Benjamin Johnson, No. 147, Market-Street,$c[1794?]
=300  \\$a162 pages in various pagings ;$c22 cm (8vo)
=336  \\$atext$btxt$2rdacontent
=337  \\$aunmediated$bn$2rdamedia
=338  \\$avolume$bnc$2rdacarrier
=340  \\$m8vo$0http://rdaregistry.info/termList/bookFormat/1003
=500  \\$aDate from Evans.
=500  \\$aSignatures: [A]⁴ B-U⁴ X²
=510  4\$aEvans$c26889.
=650  \0$aBookkeeping$vTextbooks$vEarly works to 1800.
=700  1\$aJohnson, Benjamin,$d1745-1810,$eprinter.
=926  \\$aMARS
=967  \\$ascs20170325
=968  \\$aRDA ENRICHED
=991  \\$anodedup
=997  \\$a19374312
=998  \\$aLDR:01551aam#a2200373#a#4500
=998  \\$b008:870428s1794####pau###########000#0#eng#d
=SID  \\$aZ39$bOCLC

