=LDR  02165nam a2200409 a 4500
=001  9946672970001701
=005  20170403031726.0
=008  110426s1772\\\\enkabf\\\\\\\\000\0\eng\d
=035  \\$a(Aleph)006033640UMN01
=035  \\$aMB4565
=035  \\$a(OCoLC)719419942
=040  \\$aMnU$edcrmb$cMnU
=043  \\$aa-cc---
=050  \4$aVK905$b.D15 1772
=099  \9$a1772 Da2
=100  1\$aDalrymple, Alexander,$d1737-1808.
=245  12$aA collection of charts and memoirs.
=260  \\$a[London] :$bPublished by Alexander Dalrymple, esq.,$c[1772]
=300  \\$a244 unnumbered pages in various pagings, 10 folded leaves of plates :$billustrations, maps ;$c27 cm (4to)
=336  \\$atext$btxt$2rdacontent
=337  \\$aunmediated$bn$2rdamedia
=338  \\$avolume$bnc$2rdacarrier
=340  \\$m4to$0http://rdaregistry.info/termList/bookFormat/1002
=500  \\$aHalf title; the General introduction and each memoir have special title page and half title.
=500  \\$aSeveral sections include errata on verso of half title.
=500  \\$aEngraving on 6 of plates by William Palmer, New-Street Square, Shoe-Lane.
=505  0\$aGeneral introduction to the charts and memoirs. 1772.--Essay on the most commodious methods of marine surveying. 1771.--Memoir of a chart of the China Sea. 1771.-- Memoir of the chart of part of the coast of China, and the adjacent islands near the entrance of Canton River. Containing observations in the schooner Cuddalore in 1759 and 1760. And in the ship Lond, 1764. 1771.--Journal of the schooner Cuddalore, Oct., 1759. On the coast of China. 1771.--Journal of the schooner Cuddalore on the coast of Hainan, 1760. 1771.--Memoir of the chart of the west coast of Palawan, or Paragua. Containing the journal of the schooner Cuddalore, in December, 1761. 1771.
=650  \0$aPilot guides$zChina.
=650  \0$aPilot guides$zChina Sea.
=651  \0$aChina Sea$vMaps.
=700  1\$aPalmer, W.$q(William),$d1739-1812,$eengraver.
=926  \\$aMARS
=967  \\$ascs20170325
=968  \\$aRDA ENRICHED
=997  \\$a719419942
=998  \\$aLDR:02067nam#a2200385#a#4500
=998  \\$b008:110426s1772####enkabf########000#0#eng#d

