=LDR  04600cem a2200709 a 4500
=001  9946681730001701
=005  20170403031754.0
=007  ad\aanzn
=008  110412s1771\\\\enkdiz\\\\e\\\\\0\\\eng\d
=034  0\$aa
=035  \\$a(Aleph)006028996UMN01
=035  \\$aMB6600
=035  \\$a(MCDIA)006028996
=035  \\$a(OCoLC)719419800
=040  \\$aMnU$edcrmb$cMnU
=043  \\$anw-----
=050  \4$aG1601.P5
=052  \\$a4901
=052  \\$a4391
=052  \\$a3321
=082  00$a623.89/2
=099  \9$a1771 fSp
=100  1\$aSpeer, Joseph Smith.
=245  14$aThe West-India pilot :$bcontaining piloting directions for Port Royal and Kingston harbours in Jamaica, in and out through the kays, &c. ... the true courses and distances through the windward passages ... courses, distances, and anchoring places from Jamaica to the Gulf of Florida ... : the whole illustrated with a number of maps and plans engraved by the best artists, describing the ports and bays above mentioned with the true soundings, laid down with the utmost exactness /$cby Captain Joseph Smith Speer.
=255  \\$aScales differ.
=260  \\$aLondon :$bPrinted for the author and sold by S. Hooper, No. 25, Ludgate-Hill,$cMDCCLXXI [1771]
=300  \\$a1 atlas (10 unnumbered pages, 30 pages, 1 unnumbered leaf, 31-67 pages, 1 unnumbered page) :$billustrations, 27 maps (26 folded) ;$c43 cm (folio)
=336  \\$acartographic image$bcri$2rdacontent
=337  \\$aunmediated$bn$2rdamedia
=338  \\$avolume$bnc$2rdacarrier
=340  \\$mfolio$0http://rdaregistry.info/termList/bookFormat/1001
=500  \\$aRelief shown by hachures and pictorially. Depths shown by soundings.
=500  \\$aOrientation varies.
=500  \\$aMaps engraved by J. Gibson, Thos. Bowen, Bayly, and Prinald.
=500  \\$aSome maps include list of lettered references.
=500  \\$aList of subscribers: pages [5-6].
=500  \\$aAdvertisement: page [68].
=505  0\$a[1] Plan of the harbour of Port Royal in the island of Jamaica -- [2] Plan of Port Antonio on the north-east side of Jamaica -- [3] Plan of Blewfield's Harbour on the island of Jamaica -- [4] Plan of Lucia Harbour on the north side of Jamaica -- [5] Plan of Mantica Bay on the north side of Jamaica -- [6] Plan of Cape Nichola Mole at the n.w. end of the island of Hispaniola -- [7] Plan de la Rade du Port Paix -- [8] Plan du Cap Francois -- [9] Plan of the harbour and city of Havanah -- [10] Plan of the Bay of Matanzas -- [11] Plan of Vera Cruz -- [12] Chart of the Bay of Honduras -- [13] View of Truxillo Bay and city on the coast of Honduras -- [14] Plan of port of St. Fernando de Omoa near Honduras -- [15] Plan of the fortification now finishing in the port of St. Fernando de Omoa -- [16] Plan of Port Royal harbour Rattan -- [17] Plan of Black River on the Mosquito Shore -- [18] Plan of Blewfields Harbour on the Mosquito Shore -- [19] Island of Old Providence -- [20] Plan of Carthagena Harbour and city -- [21] Plan du cul de sac de Leogane ou le Port au Prince -- [22] Plan of the harbour of St. Juan de Port o Rico [23] Aiguiade de Port o Rico -- [24] Plan du port de Gouadaquini now called Jekil Sound in the province of Georgia in North America -- [25] Plan of the entrance into Cape Fear harbour, North Carolina -- [26] Plan of the town harbour of Puerto Vello -- [27] References for the plan of the city and suburbs of Carthagena.
=510  4\$aPhillips,$c2698
=510  4\$aSabin,$c89248
=650  \0$aPilot guides$zWest Indies$vEarly works to 1800.
=650  \0$aHarbors$zWest Indies$xMaps$vEarly works to 1800.
=650  \0$aNautical charts$zWest Indies$vEarly works to 1800.
=650  \0$aPilot guides$zCaribbean Area$vEarly works to 1800.
=650  \0$aHarbors$zCaribbean Area$xMaps$vEarly works to 1800.
=650  \0$aNautical charts$zCaribbean Area$vEarly works to 1800.
=650  \0$aPilot guides$zAtlantic Coast (North America)$vEarly works to 1800.
=650  \0$aHarbors$zAtlantic Coast (North America)$xMaps$vEarly works to 1800.
=650  \0$aNautical charts$zAtlantic Coast (North America)$vEarly works to 1800.
=655  \7$aMaps$2lcgft
=700  1\$aHooper, S.$q(Samuel),$ebookseller.
=700  1\$aGibson, J.,$eengraver.
=700  1\$aBayly, J.,$eengraver.
=700  1\$aPrinald,$eengraver.
=700  1\$aBowen, Thomas,$d-1790,$eengraver.
=925  \\$acartographic material.
=926  \\$aMARS
=968  \\$aRDA ENRICHED
=997  \\$a719419800
=998  \\$aLDR:04504cem#a2200685#a#4500
=998  \\$b008:110412s1771####enkdiz####e#####0###eng#d
=998  \\$c007:ad#aanzn

