=LDR  02918cam a2200529 a 4500
=001  9946689230001701
=005  20170403031718.0
=008  780420s1772\\\\fr\aef\\\\\\\\000\0\fre\\
=010  \\$a   24017082 
=035  \\$a(Aleph)006033453UMN01
=035  \\$aMB6417
=035  \\$a(OCoLC)3815086
=040  \\$aDLC$edcrmb$cYSM$dYSM$dOCL$dOCLCQ$dOCLCG$dSTF$dUMS$dDEBBG$dMnU
=043  \\$an-mx---$azve----
=050  \4$aF1211$b.C46 1772
=099  \9$a1772 Ch
=100  1\$aChappe d'Auteroche,$cabbé,$d1728-1769.
=245  10$aVoyage en Californie pour l'observation du passage de Vénus sur le disque du soleil, le 3 juin 1769 :$bcontenant les observations de ce phénomene, & la description historique de la route de l'auteur à travers le Mexique /$cpar feu M. Chappe d'Auteroche, de l'Académie Royale des Sciences ; rédigé & publié par M. de Cassini fils, de la même Académie, Directeur en survivance de l'Observatoire Royal de Paris, &c.
=260  \\$aA Paris :$bChez Charles-Antoine Jombert, Libraire du Ri pour l'Artillerie & le Génie, rue Dauphine, à l'Image Notre-Dame,$cMDCCLXXII [1772]
=300  \\$a2 unnumbered leaves, 170 pages, 2 unnumbered pages, 4 unnumbered leaves of plates (2 folded) :$billustrations, plan, tables ;$c26 cm (4to)
=336  \\$atext$btxt$2rdacontent
=337  \\$aunmediated$bn$2rdamedia
=338  \\$avolume$bnc$2rdacarrier
=340  \\$m4to$0http://rdaregistry.info/termList/bookFormat/1002
=500  \\$a"Extract d'une lettre adressée de Mexico ȧ l'Académie royale des sciences, par don Joseph Antoine de Alzate y Ramyrez, aujourd'hui correspondant de ladite académie contenant des détails intéressants sur l'histoire naturelle des environs de la ville de Mexico": pages 54-68.
=500  \\$aPlans: de la Gardette, sculp.; illustrations: Fougeroux, del., Elth. Haussard, sculp.
=500  \\$aColophon: De l'Imprimerie de Fr. Ambroise Didot, rue Pavée.
=510  0\$aSabin$c12003
=650  \0$aNatural history$zMexico.
=651  \0$aMexico$xDescription and travel.
=651  \0$aBaja California (Mexico : Peninsula)$xDescription and travel.
=651  \0$aVenus (Planet)$xTransit$y1769.
=700  1\$aCassini, Jean-Dominique,$d1748-1845,$eeditor.
=700  1\$aAlzate y Ramírez, José Antonio de,$d1737-1799.
=700  1\$aFougeroux de Bondaroy, Auguste-Denis,$d1732-1789,$eartist.
=700  1\$aHaussard, Elisabeth$eengraver.
=700  1\$aDelagardette, Pierre Claude,$dapproximately 1745-1792?,$eengraver.
=700  1\$aJombert, Charles-Antoine,$d1712-1784,$ebookseller.
=700  1\$aDidot, François-Ambroise,$d1730-1804,$eprinter.
=700  1\$aHorblit, Harrison D.$eassociated name.$5MnU
=926  \\$aMARS
=967  \\$ascs20170325
=968  \\$aRDA ENRICHED
=997  \\$a3815086
=998  \\$aLDR:02954cam#a2200505#a#4500
=998  \\$b008:780420s1772####fr#aef########000#0#fre##
=SID  \\$aZ39$bOCLC

