=LDR  01875cam a22004572a 4500
=001  9946702120001701
=005  20170403031822.0
=008  860709s1772\\\\dk\\\\\\\\\\\\001\0\dan\d
=035  \\$a(Aleph)006033410UMN01
=035  \\$aMB5925
=035  \\$a(OCoLC)80001339
=040  \\$aRPJCB$edcrmb$cRBN$dOCLCG$dMnU
=041  1\$adan$hger
=099  \9$a1772 Cr
=100  1\$aCranz, David,$d1723-1777.
=240  10$aAlte und neue Brüder-Historie.$lDanish
=245  14$aDen gamle og nye Brødre-historie, eller, Det Evangeliske Brødre-Unitets korte historie i de ældre tider og i særdeleshed udi nærværende aarhundrede. /$cForfærdiget af David Cranz oversat paa Dansk.
=260  \\$aKiøbenhavn :$bTrykt hos Morten Hallager, boende paa Nørregade No. 245,$c1772.
=300  \\$a16 unnumbered pages, 578, that is, 758 pages, 58 unnumbered pages ;$c18 cm (8vo)
=336  \\$atext$btxt$2rdacontent
=337  \\$aunmediated$bn$2rdamedia
=338  \\$avolume$bnc$2rdacarrier
=340  \\$m8vo$0http://rdaregistry.info/termList/bookFormat/1003
=500  \\$aTranslation of: Alte und neue Brüder-Historie oder Kurz gefasste Geschichte der Evangelischen Brüder-Unität. Barby and Leipzig, 1771.
=500  \\$aSignatures: a⁸ A-3E⁸ (a1 verso, 3E8 blank).
=500  \\$aErrors in paging.
=500  \\$aErrata: pages [55-56] at end.
=500  \\$aIncludes index.
=610  20$aMoravian Church$xHistory.
=650  \0$aMoravians.
=700  1\$aHallager, M.$q(Morten),$d1740-1803,$eprinter.
=740  4\$aDen gamle og nye Brødre-historie.
=740  4\$aDet Evangeliske Brødre-Unitets korte historie.
=752  \\$aDenmark$dCopenhagen.
=926  \\$aMARS
=967  \\$ascs20170325
=968  \\$aRDA ENRICHED
=997  \\$a80001339
=998  \\$aLDR:01811cam#a22004332a#4500
=998  \\$b008:860709s1772####dk############001#0#dan#d
=SID  \\$aZ39$bOCLC

