=LDR  02051nam a2200481   4500
=001  9946966420001701
=005  20170403032630.0
=008  841108s1588\\\\it\\\\\\\\\\\\000\0\lat\d
=035  \\$a(Aleph)002431562UMN01
=035  \\$a(MnU)notisANX7876
=035  \\$aBELLTRANSFER0234
=035  \\$a(OCoLC)11363480
=040  \\$aCUY$cCUY$dMnU$dMnU
=049  \\$aMNUA
=050  \4$aQB41.G31
=100  1\$aGallucci, Giovanni Paolo,$d1538-1621?
=240  10$aTheatrum mundi, et temporis
=245  10$aTheatrvm mvndi, et temporis, in quo non solvm precipvae horvm partes describuntur :$b& ratio metiendi eas traditur, sed accomodatissimis figuris sub oculos legentium facilè ponuntur. Vbi astrologiæ principia cernvntvr ad medicinam accomodata, geographica ad navigationem ... et alia mvlta.
=250  \\$aNunc primum in lucem editum.$bIoanne Pavlo Gallvcio Saloensi avctore ...
=260  \\$aVenetiis :$bApud I.B. Somascum,$c1588.
=300  \\$a478 (i.e. 480), 2 unnumbered pages :$billustrations (including maps), folded tables, diagrams ;$c25 x 18 cm (4to)
=336  \\$atext$btxt$2rdacontent
=337  \\$aunmediated$bn$2rdamedia
=338  \\$avolume$bnc$2rdacarrier
=340  \\$m4to$0http://rdaregistry.info/termList/bookFormat/1002
=500  \\$aTitle vignette (printer's device)
=500  \\$aSome of the diagrams have movable parts.
=500  \\$aAn extra leaf (pages numbered 280, 281) is inserted between page 280 and 281.
=500  \\$a"Figvra Mvndvm novum continens": page 43.
=510  4\$aAdams,$cG168
=510  4\$aBM STC Italian, 1465-1600,$cp. 288
=650  \0$aAstronomy$vEarly works to 1800.
=650  \0$aCosmography$vEarly works to 1800.
=650  \0$aCalendar, Gregorian.
=651  \0$aAmerica$xDiscovery and exploration$vMaps$xEarly works to 1800.
=926  \\$aMARS
=945  \\$aCAT$b1994-07-19$nkav0
=967  \\$ascs20170325
=968  \\$aRDA ENRICHED
=997  \\$a11363480
=998  \\$aLDR:01962nam#a2200457###4500
=998  \\$b008:841108s1588####it############000#0#lat#d
=999  99$aANX7876$bUL

