=LDR  01895nam a2200493 a 4500
=001  9947008990001701
=005  20170403032814.0
=008  120718s1780\\\\enk\\\\\\\\\\\000\0\eng\d
=035  \\$a(Aleph)006354422UMN01
=035  \\$aMB5692
=035  \\$a(OCoLC)6827392
=040  \\$aMnU$edcrb$cMnU
=043  \\$ae------$an-us---
=050  00$aE211$b.P886
=050  \4$aHF3025$b.P8
=099  \9$a1780 Po
=100  1\$aPownall, Thomas,$d1722-1805.
=245  12$aA memorial, most humbly addressed to the sovereigns of Europe, on the present state of affairs, between the Old and New World.
=246  1\$iBinder's title:$aMemorial$5MnU
=250  \\$aThe second edition.
=260  \\$aLondon :$bPrinted for J. Almon, opposite Burlington-House, in Piccadilly,$c1780.
=300  \\$a6 unnumbered pages, viii, 127 pages, 3 unnumbered pages ;$c23 cm (8vo)
=336  \\$atext$btxt$2rdacontent
=337  \\$aunmediated$bn$2rdamedia
=338  \\$avolume$bnc$2rdacarrier
=340  \\$m8vo$0http://rdaregistry.info/termList/bookFormat/1003
=500  \\$aAttributed to Thomas Pownall. Cf. Halkett & Laing.
=500  \\$aPref. (p. viii) dated Paris. Jan. 25, 1780.
=500  \\$aSignatures: pi⁴ (-pi4) A⁴ ²A⁴ B-E⁴ G-R⁴ chi1.
=500  \\$aPublisher's advertisements : [2] pages at beginning.
=510  4\$aHalkett & Laing (2nd ed.)$cv. 4, p. 59
=651  \0$aUnited States$xCommerce$zEurope.
=651  \0$aEurope$xCommerce$zUnited States.
=651  \0$aUnited States$xCommercial policy$vEarly works to 1800.
=700  1\$aAlmon, John,$d1737-1805,$eprinter.
=700  1\$aBrush, E.,$eformer owner.$5MnU
=700  1\$aBigger, W.,$eformer owner.$5MnU
=752  \\$aEngland$dLondon.
=926  \\$aMARS
=967  \\$ascs20170325
=968  \\$aRDA ENRICHED
=997  \\$a6827392
=998  \\$aLDR:01822nam#a2200469#a#4500
=998  \\$b008:120718s1780####enk###########000#0#eng#d

