=LDR  01422nam a2200337 a 4500
=001  9947011260001701
=005  20170403032733.0
=008  120718s1780\\\\enk\\\\\\\\\\\000\0\eng\d
=035  \\$a(Aleph)006354793UMN01
=035  \\$aMB5196
=035  \\$a(OCoLC)801438438
=040  \\$aMnU$edcrmb$cMnU
=099  \9$a1780 Re
=245  00$aReasons offered to the Court of Proprietors, and to the Court of Directors, for the management of the East India Company's affairs : why they never should permit a scheme, projected by Mr. Benjamin Lacam, at Bengall, for establishing what he calls a new harbour in Channel Creek, on the River Houghley, to be carried into execution.
=246  38$aReasons offered to Court of Proprietors
=260  \\$aLondon :$b[publisher not identified],$cMDCCLXXX [1780]
=300  \\$a2 unnumbered pages, 22 pages ;$c21 cm (8vo)
=336  \\$atext$btxt$2rdacontent
=337  \\$aunmediated$bn$2rdamedia
=338  \\$avolume$bnc$2rdacarrier
=340  \\$m8vo$0http://rdaregistry.info/termList/bookFormat/1003
=500  \\$aSignatures: A-C⁴
=500  \\$aIn first gathering only secondleaf is signed: A.
=600  10$aLacam, Benjamin.
=610  20$aEast India Company$xManagement$vEarly works to 1800.
=926  \\$aMARS
=967  \\$ascs20170325
=968  \\$aRDA ENRICHED
=997  \\$a801438438
=998  \\$aLDR:01329nam#a2200313#a#4500
=998  \\$b008:120718s1780####enk###########000#0#eng#d

