=LDR  01751cam a2200421 a 4500
=001  9947011860001701
=005  20170403032731.0
=008  750926s1780\\\\enk\\\\\\\\\\\000\0\eng\\
=010  \\$a   08030494 
=035  \\$a(Aleph)006354803UMN01
=035  \\$aMB5359
=035  \\$a(OCoLC)1656641
=040  \\$aDLC$edcrmb$cDZM$dOCL$dOCLCQ$dOCLCG$dMnU
=043  \\$an-us---$ae-uk---
=050  04$aE211$b.G16
=099  \9$a1780 Ga
=100  1\$aGalloway, Joseph,$d1731-1803.
=245  10$aCool thoughts on the consequences to Great Britain of American independence ; On the expence of Great Britain in the settlement and defence of the American colonies ; On the value and importance of the American colonies and the West Indies to the British empire.
=246  1\$iHalf-title:$aCool thoughts on the consequences of American independence &c.
=260  \\$aLondon :$bPrinted for J. Wilkie, in St. Paul's Church-Yard,$cMDCCLXXX [1780]
=300  \\$a4 unnumbered pages, 70 pages, 2 unnumbered pages ;$c21 cm (8vo)
=336  \\$atext$btxt$2rdacontent
=337  \\$aunmediated$bn$2rdamedia
=338  \\$avolume$bnc$2rdacarrier
=340  \\$m8vo$0http://rdaregistry.info/termList/bookFormat/1003
=500  \\$aAttributed to Joseph Galloway.--NUC pre-56.
=500  \\$aSignatures: pi² B-K⁴
=500  \\$aAdvertising: page following page 70.
=651  \0$aUnited States$xPolitics and government$y1775-1783.
=651  \0$aGreat Britain$xColonies$xCommerce.
=700  1\$aDeering, Frank Cutter,$d1866-1939,$eformer owner.$5MnU
=926  \\$aMARS
=967  \\$ascs20170325
=968  \\$aRDA ENRICHED
=997  \\$a1656641
=998  \\$aLDR:01658cam#a2200397#a#4500
=998  \\$b008:750926s1780####enk###########000#0#eng##
=SID  \\$aZ39$bOCLC

