=LDR  02794nam a2200433 a 4500
=001  9948161420001701
=005  20170403042917.0
=008  090506s1787\\\\fr\\\\\\\\\\\\000\0\fre\d
=035  \\$a(Aleph)005451198UMN01
=035  \\$a(OCoLC)952644663
=040  \\$aMnU$cMnU$edcrmb
=099  \9$a1787 Les
=100  1\$aLescun, Jean-Paul de,$dactive 1787,$ecomplainant.
=245  10$aMémoire :$bpour ecuyer Jean-Paul de Lescun, ... & Dame Marie-Françoise-Perrine de Sabadin, son épouse, appellans, demandeurs & défendeurs ; contre le Sieur Henry de la Blanchetais, & les Sieur & Dame de Sabadin, ... intimés, défendeurs & demandeurs.
=260  \\$aA Rennes [France] :$bchez la veuve de Franç. Vatar & de Bruté de Remur ...,$c1787.
=300  \\$a133 pages ;$c26 cm (quarto)
=336  \\$atext$btxt$2rdacontent
=337  \\$aunmediated$bn$2rdamedia
=338  \\$avolume$bnc$2rdacarrier
=340  \\$m4to$0http://rdaregistry.info/termList/bookFormat/1002
=500  \\$aTitle from caption.
=500  \\$aHeard in the Grand Chambre, Audience publique des Lundi & Mardi. M. Gohier, Avocat & M. Radiguer, Procureur for the complainants. M. le Chapellier, fils, Avocat and M. le Baron, Procureur for the defendants. M. Loz de Beaucours, Avocat-Général.
=520  \\$aDeals with the legitimacy of Dame de Sabadin, who had not been correctly listed in the baptismal register. The court found that Dame de Sabadin was the legitimate daughter of Sieur & Dame de Sabadin. In consequence, she was awarded payment of 27,000 pounds sterling. The court also assessed the defendants some 300,000 pounds in damages and interest.
=545  \\$aThe suit was brought by Jean-Paul de Lescun, "Ancien Lieutenant-Aide-Major de la Legion de l'Isle de France," and his spouse, Dame Marie-Francoise-Perrine de Sabadin against Henry de la Blanchetais, armateur à Lorient, and les Sieur & Dame de Sabadin, habitans de l'Isle de Bourbon, intimés.
=545  \\$aFrancois Vatar was a member of a family of printers in Rennes. After his death, his widow continued the partnership with Remur, under the name, "Widow of François Vatar & B. de Remur," (fl. 1788).
=600  10$aSabadin, Marie-Francoise-Perrine de$vTrials, litigation, etc.
=650  \0$aIllegitimacy$zFrance$xHistory$y18th century.
=700  1\$aSabadin, Marie-Francoise-Perrine de,$ecomplainant.
=700  1\$aBlanchtais, Henry de la,$edefendant.
=700  1\$aSabadin, de,$cSieur,$edefendant.
=700  1\$aSabadin, de,$cDame,$edefendant.
=700  1\$aVatar, François,$eprinter.
=700  1\$aRemur, Bruté de,$eprinter.
=926  \\$aMARS
=967  \\$ascs20170325
=968  \\$aRDA ENRICHED
=997  \\$a952644663
=998  \\$aLDR:02786nam#a2200409#a#4500
=998  \\$b008:090506s1787####fr############000#0#fre#d

