=LDR  01802nam a22003971  4500
=001  9948489020001701
=005  20170403045016.0
=008  821007s1758\\\\enk\\\\\\\\\\\000\0\eng\u
=035  \\$a(Aleph)002842092UMN01
=035  \\$a(MnU)notisAFP8218
=035  \\$aBELLTRANSFER0618
=035  \\$a(OCoLC)65627782
=040  \\$aMnU$beng$cCaOTULAS
=043  \\$an-cn---
=050  04$aFC 383$bP42 1758
=100  1\$aPepperrell, William,$cSir,$d1696-1759.
=245  13$aAn accurate and authent[i]c account of the taking of Cape-Breton, in year MDCCXLV :$btogether with a computation of the French fishery in the part of the world, both sent over by General Pepperell, who commanded in that expedition, in a letter to his friend Captain Henry Stafford, at Exmouth, Devon : from whence will appear the importance of that island, and the danger we shall be in of losing our superiority at sea, should it now again be restored to France.
=260  \\$aLondon :$bPrinted for J. Staples...and T. Atkinson...,$c1758.
=300  \\$a41 pages ;$c20 cm (8vo)
=336  \\$atext$btxt$2rdacontent
=337  \\$aunmediated$bn$2rdamedia
=338  \\$avolume$bnc$2rdacarrier
=340  \\$m8vo$0http://rdaregistry.info/termList/bookFormat/1003
=500  \\$aAttributed to Sir William Pepperrell.
=500  \\$aEarlier published under title: An accurate journal and account of the expedition against Cape Breton.
=500  \\$aSignature: [a] A-E⁴ [F].
=500  \\$aBinder's title: Pepperrell's Cape-Breton.
=650  \0$aFisheries$zCanada.
=740  3\$aAn accurate journal and account...
=926  \\$aMARS
=967  \\$ascs20170325
=968  \\$aRDA ENRICHED
=997  \\$a65627782
=998  \\$aLDR:01709nam#a22003731##4500
=998  \\$b008:821007s1758####enk###########000#0#eng#u
=999  99$aAFP8218$bUL

