=LDR  01447nam a2200349 a 4500
=001  9929968110001701
=005  20170331052304.0
=008  110719s1775\\\\fr\\\\\\\\\\\\000\0\fre\d
=035  \\$a(Aleph)006066485UMN01
=035  \\$aMB2490
=035  \\$a(OCoLC)742516696
=040  \\$aMnU$edcrmb$cMnU
=099  \9$a1775 De
=100  1\$aDeschateles Esnoul.
=245  10$aRéplique du maire de l'Orient, à un mémoire des directeurs du commerce de la province de Guyenne, sur le liberté absolue du commerce de l'Inde, & à l'avis des députés du commerce, sur un mémoire de la communauté de ville de l'Orient, contre cette liberté.
=260  \\$a[France?] :$bDe l'imprimerie de J.B.P. Durand, Imp[r]imeur du roi, ordinaire de la marine, ville, & police, &c.,$c[1765?]
=300  \\$a27 pages ;$c24 cm (4to)
=336  \\$atext$btxt$2rdacontent
=337  \\$aunmediated$bn$2rdamedia
=338  \\$avolume$bnc$2rdacarrier
=340  \\$m4to$0http://rdaregistry.info/termList/bookFormat/1002
=500  \\$a"A l'Orient, le Sept Mars mil Sept cent soixantee-quinze, signe, Deschateles Esnoul."--Colophon.
=500  \\$aPrinter from colophon.
=610  20$aEast India Company
=650  \0$aFree trade.
=700  1\$aDurand, J.B.P.,$eprinter.
=926  \\$aMARS
=967  \\$ascs20170325
=968  \\$aRDA ENRICHED
=997  \\$a742516696
=998  \\$aLDR:01410nam#a2200325#a#4500
=998  \\$b008:110719s1775####fr############000#0#fre#d

