=LDR  03508nam a2200577 a 4500
=001  9914494110001701
=005  20170328045441.0
=008  931021s1516\\\\it\\\\\\\\\\\\000\0\lat\d
=010  \\$a   32015441 
=035  \\$a(Aleph)002414415UMN01
=035  \\$a(NNU)NYUb13008522
=035  \\$a(OCoLC)45590125
=040  \\$aEQO$cEQO$dOCLCQ$dNNU
=041  1\$aara$agrc$aheb$alat$asem
=043  \\$an------
=050  04$aBS1419$b.A2 1516
=090  \\$aBS1419$b.A2 1516 Oversize
=130  0\$aBible.$pPsalms.$lPolyglot.$f1516.
=245  10$aPsalterium Hebr[a]eum, Gr[a]ecu[m], Arabicu[m], & Chald[a]eu[m] :$bcu[m] tribus Latinis i[n]terp[re]tat[i]o[n]ibus & glossis.
=246  3\$aPsalterium Hebreum, Grecu, Arabicu & Chaldeu
=246  3\$aPsalterium Hebręum, Gręcũ, Arabicũ & Chaldęũ
=260  \\$aGenuae :$bIn aedibus Nicolai Iustiniani Pauli,$cAnno 1516, mense VIIIIbri [i.e. Novembri]
=300  \\$a400 unnumbered pages ;$c35 cm (folio)
=336  \\$atext$btxt$2rdacontent
=337  \\$aunmediated$bn$2rdamedia
=338  \\$avolume$bnc$2rdacarrier
=340  \\$mfolio$0http://rdaregistry.info/termList/bookFormat/1001
=500  \\$aSignatures: A¹⁰, B⁻Z⁸, & ⁸, [con]⁶.
=500  \\$aEdited by Agostino Giustiniani. According to a note to Psalms 78, he was assisted by Jacobus Furnius in the correction of the Greek text, and by Baptista Cigala in the Arabic.
=500  \\$aImprint supplied from Latin colophon, sig. [con] 5: "Impressit ... Petrus Paulus Porrus, Genuae in Aedibus Nicolai Iustiniani Pauli ... anno ... millesimo quingentesimo sextodecimo mense. VIIIIbri."
=500  \\$aTitle in five languages, printed in red and black within woodcut arabasque border. Text in 8 columns across double page: Hebrew, literal Latin version of Hebrew, Latin Vulgate, Greek Septuagint, Arabic, Chaldee (in Hebrew characters), literal Latin version of the Chaldee, and Scholia (commentary). Colophon on sig. [con]5v-6r printed in all five languages.
=500  \\$aThis is the first polyglot version of any part of the Bible. In Psalm 19, sigs. C7-D1, the editor inserted a long note, in the marginal commentary, describing the life and discoveries of Christopher Colombus. According to Winsor, Narrative and Critical History of America, volume 2, this is the first printed biographical sketch of Christopher Columbus, with hitherto unpublished accounts of his second voyage.
=500  \\$aPrinter's device on final leaf. According to Davies, this mark was used only in the Polyglot Psalter.
=500  \\$aLe Long states that 2,000 copies were printed on paper and 50 on vellum. The Genoa senate ordered all copies destroyed.
=500  \\$aAccording to dealer's catalog, it contains the first printing of Arabic.
=500  \\$aBobst SpecCol c.1 has bookplate: New York University Libraries, Gift of Henry B. Fernald, '01, University Heights Library.$5NNU
=510  4\$aAdams$cB-1370
=510  4\$aDarlow & Moule$c1411
=600  10$aColumbus, Christopher
=630  00$aBible.$pPsalms$xCriticism and interpretation$vEarly works to 1800.
=651  \0$aAmerica$vEarly works to 1800.
=700  1\$aGiustiniani, Agostino,$d1470-1536.
=700  1\$aPorrus, Petrus Paulus,$eprinter.
=700  1\$aPaulus, Nicolaus Justinianus,$eprinter.
=752  \\$aItaly$dGenoa.
=926  \\$aMARS
=967  \\$ascs20170325
=968  \\$aRDA ENRICHED
=997  \\$a45590125
=998  \\$aLDR:03470nam#a2200553#a#4500
=998  \\$b008:931021s1516####it############000#0#lat#d

