=LDR  03210aam a2200613 a 4500
=001  9913121450001701
=005  20170328023251.0
=008  920330s1778\\\\fr\abf\\\b\\\\001\0\fre\d
=010  \\$a   03032320 
=035  \\$a(Aleph)006265819UMN01
=035  \\$aMB6539
=035  \\$a(OCoLC)25975914
=040  \\$aCOO$cCOO$dOCL$dOKT$dOCL$dB2Q$dOCLCQ$dOCLCG$dMnU
=041  1\$afre$heng
=043  \\$an------$as------$an-mx---
=050  \0$aE143$b.R73
=099  \9$a1778 Ro
=100  1\$aRobertson, William,$d1721-1793.
=240  10$aHistory of America.$nBooks 1-8.$lFrench
=245  12$aL'histoire de l'Amerique /$cpar M. Robertson, ... ; traduite de l'Anglois.
=260  \\$aA Paris :$bChez Panckoucke, libraire, Hôtel de Thou, rue des Poitevins,$cMDCCLXXVIII [1778]
=300  \\$a4 volumes :$billustrations, maps ;$c17 cm (12mo)
=336  \\$atext$btxt$2rdacontent
=337  \\$aunmediated$bn$2rdamedia
=338  \\$avolume$bnc$2rdacarrier
=340  \\$m12mo$0http://rdaregistry.info/termList/bookFormat/1004
=500  \\$aTranslation, by Jean Baptiste Antoine Suard, Hendrik Jansen and Andre Morellet, of: The history of America. London, 1777, 2 v. in quarto. Contains Books I-VIII, the history of the discovery of America and the conquest of Mexico and Peru.
=500  \\$aEarlier editions in French published Maastricht, 1777 and Paris, 1777.
=500  \\$aDuodecimo edition, in 4 volumes, with approbation and royal privilege, also with plates.
=500  \\$aVignette on title pages.
=500  \\$aVolume 1 has half title.
=500  \\$aPaging: volume 1: [4], xxvij, 28-34, 400 pages, 2 folded leaves of plates; volume 2: [2], 653, [1] pages; ; volume 3: [2], 586 pages; volume 4: [2], 493, [7] pages, 3 folded leaves of plates.$5MnU
=500  \\$aNumerous errors in paging, including in volume 1 pages v-xxiij misnumbered as: "iij-xxj" and p. xxiv misnumb. as: "xx" and in volume 4 pages 489-493 misnumbered as "429-433."
=500  \\$aPlates numbered: Pl. I.-V.; plates I-IV are maps and plate V contains Central American heiroglyphs.
=500  \\$aErrata (volume 4: pages [1-3] at end).
=500  \\$a"Extrait succint de la lettre de Cortès à l'empereur, dont il est parlè dans la Préface." (volume 4: pages 431-433).
=504  \\$aIncludes bibliographical references and indexes, among them: "Catalogue des livres et manuscrits espagnols, que M. Roberson [sic] cite dans cette Histoire." (volume 4: pages [434]-459).
=510  4\$aSabin$c71991.
=510  4\$aCioranescu, A. 18.s.,$c61162.
=510  4\$aQuérard, J.-M. La France Littéraire,$c8: p. 77.
=651  \0$aAmerica$xHistory$yTo 1810.
=651  \0$aAmerica$xDiscovery and exploration.
=651  \0$aLatin America$vBibliography.
=700  1\$aSuard, J. B. A.$q(Jean Baptiste Antoine),$d1734-1817,$etranslator.
=700  1\$aJansen, Hendrik,$d1741-1812$etranslator.
=700  1\$aMorellet, André,$d1727-1819,$etranslator.
=710  2\$aChez Panckoucke,$ebookseller.
=926  \\$aMARS
=967  \\$ascs20170325
=968  \\$aRDA ENRICHED
=997  \\$a25975914
=998  \\$aLDR:03160aam#a2200589#a#4500
=998  \\$b008:920330s1778####fr#abf###b####001#0#fre#d
=999  \\$aZ39$bOCLC

