=LDR  01206nam a2200325 a 4500
=001  9913157660001701
=005  20170328023517.0
=008  060811s1791\\\\sp\\\\\\\\\\\f000\0\spa\d
=035  \\$a(Aleph)004832119UMN01
=035  \\$a(OCoLC)72893922
=040  \\$aMnU$cMnU
=050  \4$aDP3
=099  \9$a1791 fSp
=110  1\$aSpain.$bSovereign (1788-1808 : Charles IV)
=245  10$aReal cedula de S. M. e Señores del Consejo, por la qual se manda quartar y cumplir el tratado de paz, amistad y comercia ajustado entre esta Monarquia y el Bey, y la Regenciz de Tunez.
=260  \\$aMadrid :$bViuda de Marin,$c1791.
=300  \\$a6, 11 pages ;$cfolio.
=336  \\$atext$btxt$2rdacontent
=337  \\$aunmediated$bn$2rdamedia
=338  \\$avolume$bnc$2rdacarrier
=340  \\$mfolio$0http://rdaregistry.info/termList/bookFormat/1001
=651  \0$aSpain$xCommerce$vEarly works to 1800.
=651  \0$aSpain$xRelations$zTunisia$vEarly works to 1800.
=651  \0$aTunisia$xRelations$zSpain$vEarly works to 1800.
=926  \\$aMARS
=967  \\$ascs20170325
=968  \\$aRDA ENRICHED
=997  \\$a72893922
=998  \\$aLDR:01120nam#a2200301#a#4500
=998  \\$b008:060811s1791####sp###########f000#0#spa#d

