=LDR  01229nam a2200325 a 4500
=001  9913158240001701
=005  20170328023452.0
=008  060810s1767\\\\po\a\\\\\\\\\f000\0\por\d
=035  \\$a(Aleph)004831958UMN01
=035  \\$a(OCoLC)72893908
=040  \\$aMnU$cMnU
=099  \9$a1767 fPo
=110  1\$aPortugal.$bSovereign (1750-1777 : Joseph)
=245  10$aContrato que se fez no Conselho Ultramarino com Ignacio Pedro Quintella, dos direitos que pagão os azeites doces do Rio de Janeiro.
=260  \\$aLisboa :$b[publisher not identified],$c1767.
=300  \\$a11 pages :$billustrations ;$cfolio.
=336  \\$atext$btxt$2rdacontent
=337  \\$aunmediated$bn$2rdamedia
=338  \\$avolume$bnc$2rdacarrier
=340  \\$mfolio$0http://rdaregistry.info/termList/bookFormat/1001
=600  10$aQuintella, Ignacio Pedro,$dactive 1767.
=650  \0$aOlive oil industry$zPortugal$vEarly works to 1800.
=650  \0$aOlive oil industry$zBrazil$vEarly works to 1800.
=651  \0$aPortugal$xCommerce$zBrazil$vEarly works to 1800.
=926  \\$aMARS
=967  \\$ascs20170325
=968  \\$aRDA ENRICHED
=997  \\$a72893908
=998  \\$aLDR:01135nam#a2200301#a#4500
=998  \\$b008:060810s1767####po#a#########f000#0#por#d

