=LDR  01133nam a2200301 a 4500
=001  9913165450001701
=005  20170328023539.0
=008  060810s1635\\\\po\\\\\\\\\\\f000\0\por\d
=035  \\$a(Aleph)004831955UMN01
=035  \\$a(OCoLC)72893905
=040  \\$aMnU$cMnU
=099  \9$a1635 fPo
=110  1\$aPortugal.$bSovereign (1621-1640 : Philip III)
=245  10$aTreslado da sentença que ouue o Capitão Luis Vaz de Rezende no concelho da fazenda de sua Magestade contra Aluaro de Zauedo, sobre a administração do contrato do Pao Brazil.
=260  \\$aLisboa :$b[publisher not identified],$c1635.
=300  \\$a1 sheet ;$cfolio.
=336  \\$atext$btxt$2rdacontent
=337  \\$aunmediated$bn$2rdamedia
=338  \\$asheet$bnb$2rdacarrier
=340  \\$mfolio$0http://rdaregistry.info/termList/bookFormat/1001
=650  \0$aLumber trade$zBrazil$vEarly works to 1800.
=651  \0$aPortugal$xCommerce$zBrazil$vEarly works to 1800.
=926  \\$aMARS
=967  \\$ascs20170325
=968  \\$aRDA ENRICHED
=997  \\$a72893905
=998  \\$aLDR:01057nam#a2200277#a#4500
=998  \\$b008:060810s1635####po###########f000#0#por#d

