=LDR  01226ntc a22003257a 4500
=001  9921672410001701
=005  20170330010427.0
=008  070403i16561661po\\\\\\\\\\\\000\0\por\d
=035  \\$a(Aleph)004938995UMN01
=035  \\$a(OCoLC)952656699
=040  \\$aMnU$cMnU
=099  \9$a1656 fPortugal1
=245  00$a[Certificates of employment],$f1656-1661.
=300  \\$a22 unnumbered leaves ;$cfolio.
=336  \\$atext$btxt$2rdacontent
=337  \\$aunmediated$bn$2rdamedia
=338  \\$avolume$bnc$2rdacarrier
=340  \\$mfolio$0http://rdaregistry.info/termList/bookFormat/1001
=520  \\$aA collection of certificates confirming the services of Captain Alvara de Sousa de Noronha in Angola, Brazil, Portugal.
=600  10$aSousa de Noronha, Alvara de,$dactive 1656-1661.
=650  \0$aManuscripts, Portuguese$vSpecimens.
=651  \0$aPortugal$xHistory, Naval$y17th century$vSources.
=651  \0$aBrazil$xHistory$y17th century$vSources.
=651  \0$aAngola$xHistory$y17th century$vSources.
=651  \0$aAfrica$xHistory$y17th century$vSources.
=926  \\$aMARS
=968  \\$aRDA ENRICHED
=997  \\$a952656699
=998  \\$aLDR:01154ntc#a22003137a#4500
=998  \\$b008:070403i16561661po############000#0#por#d

