=LDR  01132ntm a22003377a 4500
=001  9921680870001701
=005  20200316082311.0
=008  070403s1800\\\\sp\\\\\\\\\\\\000\0\spa\d
=035  \\$a(Aleph)004939214UMN01
=035  \\$a(OCoLC)122926783
=040  \\$aMnU$cMnU
=099  \9$a1800 fPi
=100  1\$aPinto, José Joaquim Vaz.
=245  10$aMemoria sobre a febre amarela /$cJosé Joaquim Vaz Pinto.
=260  \\$c[1800?]
=300  \\$a1 manuscript (4 unnumbered leaves) ;$cfolio.
=336  \\$atext$btxt$2rdacontent
=337  \\$aunmediated$bn$2rdamedia
=338  \\$avolume$bnc$2rdacarrier
=340  \\$mfolio$0http://rdaregistry.info/termList/bookFormat/1001
=500  \\$aWith: Suplemento a la Gazeta de Matrid (Madrid: 28 Octubre, 1800)
=520  \\$aDescriptions of yellow fever and its treatment.
=650  \0$aManuscripts$vSpecimens.
=650  \0$aYellow fever.
=730  0\$aGaceta de Madrid.
=740  02$aSuplemento a la Gazeta de Madrid.
=926  \\$aMARS
=968  \\$aRDA ENRICHED
=997  \\$a122926783
=998  \\$aLDR:01060ntm#a22003257a#4500
=998  \\$b008:070403s1800####sp############000#0#spa#d

