=LDR  02514cam a2200469 a 4500
=001  99734309101701
=005  20170328005133.0
=008  140310s1786\\\\sz\abcf\\\\\\\001\0\fre\d
=035  \\$aMB4578
=035  \\$a(OCoLC)9997601
=040  \\$aCBY$beng$edcrmb$cCBY$dOCLCQ$dOCLCG$dOCLCQ$dMNU$dOCLCF
=043  \\$aee-----$ae------
=049  \\$aMNUA
=050  \4$aD965$b.C713 1786
=050  \4$aD965$b.C714 1786
=100  1\$aCoxe, William,$d1747-1828.
=240  10$aTravels into Poland, Russia, Sweden, and Denmark.$lFrench
=245  10$aVoyage en Pologne, Russie, Suéde, Dannemarc, &c. /$cpar Mr. Willm. Coxe ; traduit de l'anglais, enrichi de notes & des éclaircissemens nécessaires, & augmenté d'un Voyage en Norvege par Mr. P.H. Mallet.
=260  \\$aA Genève :$bChez Barde, Manget & Comp. Imprimeurs-Libraires ;$aEt à Paris :$bChez Buisson, Libraire, rue des Poitevins,$cMDCCXXXVI [1786]
=300  \\$a4 volumes :$billustrations, maps, portraits ;$c20 cm (8vo)
=336  \\$atext$btxt$2rdacontent
=337  \\$aunmediated$bn$2rdamedia
=338  \\$avolume$bnc$2rdacarrier
=340  \\$m8vo$0http://rdaregistry.info/termList/bookFormat/1003
=500  \\$aCollation: volume 1. xii, 380 pages, [5] folded leaves of plates; volume 2. [iv], 404 pages, [3] leaves of plates (1 folded); volume 3. [iv], 293 [i.e. 393], [1] pages, [6] leaves of plates (5 folded); volume 4. [iv], 303, [1] pages, [3] folded plates.
=500  \\$aSignatures: volume 1. a⁶ A-Z⁸ 2A⁶; volume 2. pi² A-2B⁸ 2C²; volume 3. pi² A-2A⁸ 2B⁶ (-2B6);  volume 4. pi² A-T⁸.
=500  \\$aIndex: volume 4.
=650  \7$aTravel.$2fast$0(OCoLC)fst01155558
=651  \0$aEurope, Eastern$xDescription and travel$vEarly works to 1800.
=651  \0$aEurope$xDescription and travel$vEarly works to 1800.
=651  \7$aEurope$2fast$0(OCoLC)fst01245064
=651  \7$aEurope, Eastern$2fast$0(OCoLC)fst01245079
=655  \7$aEarly works.$2fast$0(OCoLC)fst01411636
=700  12$aMallet, Paul Henri,$d1730-1807.$tVoyage en Norvege.
=776  08$iOnline version:$aCoxe, William, 1747-1828.$sTravels into Poland, Russia, Sweden, and Denmark. French.$tVoyage en Pologne, Russie, Suéde, Dannemarc, &c.$dGenève : Chez Barde, Manget & Comp. ; Paris : Chez Buisson, Libraire, 1786$w(OCoLC)656589268
=913  \\$abell
=926  \\$aMARS
=967  \\$ascs20170325
=968  \\$aRDA ENRICHED
=997  \\$a9997601
=998  \\$aLDR:02501cam#a2200445#a#4500
=998  \\$b008:140310s1786####sz#abcf#######001#0#fre#d

