=LDR  02371nem a2200505 i 4500
=001  9971770750001701
=005  20170407050244.0
=007  ad\canzn
=008  140103s1776\\\\enk\\\\\\\a\\\\\0\\\eng\d
=035  \\$a(OCoLC)867051298
=040  \\$aMNU$beng$erda$edcrmb$cMNU
=050  \4$aG1105$b.J4 1776b
=099  \9$a1776 oJe
=100  1\$aJefferys, Thomas,$d-1771$eengraver.
=245  14$aThe American atlas, or, A geographical description of the whole continent of America :$bwherein are delineated at large, its several regions, countries, states, and islands, and chiefly the British colonies, composed from numerous surveys, several of which were made by order of government, by Major Holland, Lewis Evans, William Scull, Henry Mouzon, Lieut. Ross, J. Cook, Michael Lane, Joseph Gilbert, Gardner, Hillock, &c. &c. /$cengraved on forty-nine copper-plates by Thomas Jefferys, geographer to the king, and others.
=246  30$aGeographical description of the whole continent of America.
=255  \\$aScale differs.
=260  \\$aLondon :$bPrinted and sold by R. Sayer and J. Bennett, map, chart, and print sellers, No. 53, Fleet-Street,$cMDCCLXXVI (1776)
=300  \\$a1 atlas (2 unnumbered leaves, 30 leaves of  plates, chiefly double, chiefly folded) :$bmaps ;$c56 cm (folio)
=336  \\$acartographic image$bcri$2rdacontent
=337  \\$aunmediated$bn$2rdamedia
=338  \\$avolume$bnc$2rdacarrier
=340  \\$mfolio$0http://rdaregistry.info/termList/bookFormat/1001
=500  \\$aMaps dated 1774-1777.
=500  \\$aMaps are hand-colored.
=510  4\$aESTC$cn45523
=510  4\$aSabin$c35953
=650  \0$aAtlases$zGreat Britain$vEarly works to 1800.
=651  \0$aAmerica$vMaps$vEarly works to 1800.
=700  1\$aHolland, Samuel,$d1728-1801.
=700  1\$aCook, James,$d1728-1779
=700  1\$aLane, Michael,$dactive 1768-1784.
=700  1\$aEvans, Lewis,$d-approximately 1780.
=700  1\$aScull, William,$dactive 1765.
=700  1\$aMouzon, Henry.
=710  2\$aRobert Sayer and John Bennett (Firm),$eprinter,$ebookseller.
=752  \\$aGreat Britain$dLondon.
=926  \\$aMARS
=948  \\$hHELD BY MNU - 0 OTHER HOLDINGS
=968  \\$aRDA ENRICHED
=994  \\$aZ0$bMNU
=997  \\$a867051298
=998  \\$aLDR:02295nem#a2200493#i#4500
=998  \\$b008:140103s1776####enk#######a#####0###eng#d
=998  \\$c007:ad#canzn

