=LDR  01944cam a2200481 i 4500
=001  9973354593601701
=005  20170407054759.0
=008  910131s1797\\\\enkbcf\\\\\\\\000\0\eng\d
=035  \\$aMB20027
=035  \\$a(OCoLC)23034819
=040  \\$aVA@$beng$erda$edcrmb$cVA@$dOCLCQ$dOCLCG$dOCLCQ$dOCLCF$dOCLCO$dOCLCQ$dMNU
=041  1\$aeng$hspa
=043  \\$acl-----
=050  \4$aF1411$b.M97
=099  \9$a1797 Mu
=100  1\$aMuñoz, Juan Bautista,$d1745-1799.
=240  10$aHistoria del Nuevo Mundo.$lEnglish
=245  14$aThe history of the New world /$cby Don Juan Baptista Munoz ; translated from the Spanish, with notes by the translator, an engraved portrait of Columbus, and a map of Espanola. Vol. 1.
=264  \1$aLondon :$bPrinted for G.G. and J. Robinson, Paternoster-Row,$c1797.
=300  \\$axv, lvii, 2 unnumbered pages, 60-552 pages, 2 unnumbered leaves of plates, 1 folded :$bportrait, map ;$c22 cm (8vo)
=336  \\$atext$btxt$2rdacontent
=337  \\$aunmediated$bn$2rdamedia
=338  \\$avolume$bnc$2rdacarrier
=340  \\$m8vo$0http://rdaregistry.info/termList/bookFormat/1003
=500  \\$aBooks 1-6 (to 1500)--No more published.
=500  \\$aTranslation of: Historia del Nuevo-Mundo.
=500  \\$aAdvertisement: p. [v]-xi.
=510  4\$aSabin$c51345.
=510  4\$aCorns & Sparke$cp. 162.
=600  10$aColumbus, Christopher
=600  17$aColumbus, Christopher$2fast$0(OCoLC)fst00028086
=651  \0$aLatin America$xHistory.
=651  \7$aLatin America$2fast$0(OCoLC)fst01245945
=655  \7$aHistory.$2fast$0(OCoLC)fst01411628
=700  1\$aRobinson, John,$d1753-1813,$ebookseller.
=700  1\$aRobinson, George,$d1736-1801,$ebookseller.
=700  1\$aYandes, Cyrus B.,$eformer owner.$5MnU
=926  \\$aMARS
=967  \\$ascs20170325
=968  \\$aRDA ENRICHED
=997  \\$a23034819
=998  \\$aLDR:01855cam#a2200457#i#4500
=998  \\$b008:910131s1797####enkbcf########000#0#eng#d

