=LDR  02238cam a2200457 i 4500
=001  9973827209901701
=005  20170407062226.0
=008  930105s1791\\\\fr\aef\\\\\\\\000\0\fre\d
=035  \\$aMB20026
=035  \\$a(OCoLC)27197661
=040  \\$aEMW$beng$erda$edcrmb$cEMW$dOCLCQ$dOCLCG$dHHG$dOCLCQ$dOCLCF$dOCLCQ$dMNU
=050  \4$aTP376
=099  \9$a1791 Du
=100  1\$aDutrône de La Couture, Jacques-François,$d1749-1814,$eauthor.
=245  10$aPrécis sur la canne et sur les moyens d'en extraire le sel essentiel :$bsuivi de plusieurs mémoirse sur le sucre, sur le vin de Canne, sur l'indigo, sur les habitations & suf l'état  tuel del Saint-Domingue : ouvrage dédié à cette cololonie & imprimé à ses frais /$cpar Jes-F. Dutrône ...
=250  \\$aSeconde édition.
=264  \1$aA Paris :$bChez Debure, rue Serpente; Chez De Seine, au Palais Royal,$c1791.
=264  \3$aA Paris :$bde l'Imprimerie de Clousier, Imprimeur du Roi, rue de Sorbonne.
=300  \\$axxxii, 382 pages, 6 leaves of folded plates, 2 unnumbered leaves of folded plates :$billustrations, plans ;$c21 cm (8vo)
=336  \\$atext$btxt$2rdacontent
=337  \\$aunmediated$bn$2rdamedia
=338  \\$avolume$bnc$2rdacarrier
=340  \\$m8vo$0http://rdaregistry.info/termList/bookFormat/1003
=500  \\$aPublishers are bracketed with the word Chez appreaing once.
=500  \\$aPrinter from colophon.
=500  \\$aEngravers: Plate 1, Hubert; plates 2-6, Heluis.
=500  \\$aHead- and tail-pieces.
=500  \\$aSignatures: a⁸ (-a1) b⁸ A-Z⁸ 2A⁸ (-2A8)
=510  4\$aGoldsmiths$c14623.
=650  \0$aSugarcane$zDominican Republic$zSanto Domingo$vEarly works to 1800.
=650  \0$aSugar$xManufacture and refining$zDominican Republic$zSanto Domingo$vEarly works to 1800.
=650  \7$aSugar$xManufacture and refining.$2fast$0(OCoLC)fst01137281
=650  \7$aSugarcane.$2fast$0(OCoLC)fst01137481
=700  1\$aDebure, Guillaume,$d1734-1820,$ebookseller.
=700  1\$aClousier, Jacques-Gabriel,$d-1804?,$eprinter.
=926  \\$aMARS
=967  \\$ascs20170325
=968  \\$aRDA ENRICHED
=997  \\$a27197661
=998  \\$aLDR:02238cam##2200433#i#4500
=998  \\$b008:930105s1791####fr#aef########000#0#fre#d

