=LDR  02336cam a2200445Ii 4500
=001  9973937984601701
=005  20170407063043.0
=008  990510s1788\\\\ht\b\\\\\\\\\\000\0\fre\d
=035  \\$aMB20028
=035  \\$a(OCoLC)41333261
=040  \\$aNYP$beng$erda$edcrmb$cNYP$dOCL$dSTF$dOCLCQ$dFQG$dMNU
=050  \4$aF1923$b.B54 1788
=099  \9$a1788 Bl
=100  1\$aBleschamp, Charles Jacob de,$d1748-1824,$eattributed name.
=245  10$aEssai sur l'administration des colonies françoises, et particuliérement d'une partie de celles de Saint-Domingue :$bavec deux cartes & deux tableaux géographiques & politiques.
=264  \1$aA Antonina, et se trouve a Paris :$bChez Monory, Libraire de S.A.S. Mgr le Prince de Condé, rue de l'ancienne Comédie Franç,$c1788.
=300  \\$a2 preliminary leaves, viii, 112 pages, 4 unnumbered folded leaves of plates :$bmaps ;$c21 cm (8vo)
=336  \\$atext$btxt$2rdacontent
=337  \\$aunmediated$bn$2rdamedia
=338  \\$avolume$bnc$2rdacarrier
=340  \\$m8vo$0http://rdaregistry.info/termList/bookFormat/1003
=500  \\$aMaps in some copies hand-colored.
=500  \\$aHalf-title.
=500  \\$aHead- and tail-pieces.
=500  \\$aSignatures: pi² a⁴ A-G⁴
=500  \\$aErrata: page 112.
=500  \\$aAdvertisement: pages [i]-vi.
=500  \\$aFor discussion of Bleschamp, see manuscript notes dated 1847 (which state that his daughter Alexandrine married Lucien Bonaparte) and Fleuriot de Langle, P. Alexandrine Lucien-Bonaparte. Paris [1939] pages 12-14.
=510  4\$aSabin, J. Dictionary of books relating to America from its discovery to the present time,$c22926
=510  4\$aBibliotheca Americana: catalogue of the John Carter Brown Library in Brown University, Providence, Rhode Island,$cIII², 271
=510  4\$aBissainthe, Max. Dictionnaire de bibliographie haitienne (Washington, DC: Scarecrow Press, 1951),$c4799, 5691
=520  2\$aA proposal for a new form of colonial government, with a detailed plan for Santo Domingo.
=651  \0$aHaiti$xPolitics and government$yTo 1791.
=700  1\$aMonory, François-Hubert,$d-1805?,$ebookseller.
=926  \\$aMARS
=967  \\$ascs20170325
=968  \\$aRDA ENRICHED
=997  \\$a41333261
=998  \\$aLDR:02290cam#a2200421Ii#4500
=998  \\$b008:990510s1788####ht#b##########000#0#fre#d

