=LDR  04641nam a2200877 i 4500
=001  9973956807801701
=005  20170706123204.0
=008  150317s1796\\\\enkabef\\\\\\\001\0\eng\d
=035  \\$aMB5078
=035  \\$aMB9493
=035  \\$a(OCoLC)905043943
=040  \\$aMNU$beng$erda$edcrmb$cMNU
=049  \\$aMNUA
=050  \4$aF2410
=099  \9$a1796 St
=099  \9$a1796 St1
=100  1\$aStedman, John Gabriel,$d1744-1797.
=245  10$aNarrative, of a five years' expedition, against the revolted Negroes of Surinam, in Guiana, on the wild coast of South America :$bfrom the year 1772, to 1777 : elucidating the history of that country, and the description of its productions, viz. quadrupedes, birds, fishes, reptiles, trees, shrubs, fruits, & roots : with an account of the Indians of Guiana, & Negroes of Guinea /$cby Captn. J.G. Stedman ; illustrated with 80 elegant engravings from drawings made by the author.
=246  18$aStedman's Surinam.
=264  \1$aLondon :$bPrinted for J. Johnson, St. Paul's Church Yard, & J. Edwards, Pall Mall,$c1796.
=300  \\$a2 volumes :$billustrations, portraits, 2 maps, 4 plans ;$c28 cm (4to)
=336  \\$atext$btxt$2rdacontent
=337  \\$aunmediated$bn$2rdamedia
=338  \\$avolume$bnc$2rdacarrier
=340  \\$m4to$0http://rdaregistry.info/termList/bookFormat/1002
=500  \\$aThe first edition.
=500  \\$aPagination: volume 1: 2 unnumbered pages, xviii, 14, *11-14*, 15-30, *29-30*, 31-276, *275-276*, 277-407 pages, 8 unnumbered pages, 41 leaves of plates (1 unnumbered, 3 folded) -- volume 2: 2 unnumbered pages, iv, 404, 7 pages, 51-80 leaves of plates (1 folded).
=500  \\$aSignatures: volume 1: a(3 leaves) b⁴ c² B⁴ C(6 leaves) D⁴ E⁴(E3+*E3) F-2M⁴ 2N⁴(2N2+*2N2) 2O-3G⁴ -- volume 2: b² B-3E⁴ 3F² 3G⁴. In volume 1, 'a2'.3 may be independent of the preceding dedication, and sheet C is not a regular gathering of 6 leaves.
=500  \\$aEngraved title pages, with vignettes (ships under sail).
=500  \\$aPlates engraved by William Blake, Francesco Bartolozzi, Thomas Conder, Thomas Holloway, Inigo Barlow, John Perry, Michele Benedetti, and Anker Smith, all based on Stedman's watercolors.
=500  \\$a"List of subscribers names": volume 1, pages [vii]-[xiv].
=500  \\$aPrinted on laid paper.
=500  \\$aIncludes errata and index in each volume.
=510  4\$aCatalogue of the Goldsmiths' Library of Economic Literature,$c16679.
=510  4\$aEnglish Short Title Catalogue,$cT146566.
=600  10$aStedman, John Gabriel,$d1744-1797$xTravel$zSuriname.
=600  17$aStedman, John Gabriel,$d1744-1797.$2fast$0(OCoLC)fst00205086
=648  \7$aTo 1814$2fast
=650  \0$aSlavery$zSuriname$vEarly works to 1800.
=650  \0$aIndians of South America$zGuyana$vEarly works to 1800.
=650  \0$aNatural history$zSuriname$vPre-Linnean works.
=650  \7$aIndians of South America.$2fast$0(OCoLC)fst00969962
=650  \7$aNatural history.$2fast$0(OCoLC)fst01034268
=650  \7$aSlavery.$2fast$0(OCoLC)fst01120426
=650  \7$aTravel$2fast$0(OCoLC)fst01155558
=651  \0$aSuriname$xDescription and travel$vEarly works to 1800.
=651  \0$aSuriname$xHistory$yTo 1814.
=651  \0$aFrench Guiana$xDescription and travel$vEarly works to 1800.
=651  \0$aSuriname$xMaps$vEarly works to 1800.
=651  \7$aFrench Guiana$2fast$0(OCoLC)fst01206832
=651  \7$aGuyana$2fast$0(OCoLC)fst01208722
=651  \7$aSuriname$2fast$0(OCoLC)fst01204607
=655  \7$aEarly works.$2fast$0(OCoLC)fst01411636
=655  \7$aMaps.$2fast$0(OCoLC)fst01423704
=700  1\$aBlake, William,$d1757-1827$eengr.
=700  1\$aBartolozzi, Francesco,$d1727-1815,$eengr.
=700  1\$aConder, Thomas,$d1746 or 1747-1831,$eengr.
=700  1\$aHolloway, Thomas,$d1748-1827,$eengr.
=700  1\$aBarlow, Inigo,$eengr.
=700  1\$aPerry, John,$dactive 1791-1809,$eengr.
=700  1\$aBenedetti, Michele,$d1745-1810,$eengr.
=700  1\$aSmith, Anker,$d1759-1819,$eengr.
=700  1\$aRogers, John,$dactive 1798.$5MnU
=700  1\$aJohnson, Joseph,$d1738-1809,$ebookseller.
=700  1\$aEdwards, James,$d1756-1816,$ebookseller.
=700  1\$aHusby, Scott,$ebinder.$5MnU
=700  1\$aNibletis, D.J.,$eformer owner.$5MnU
=710  2\$aHaresfield Court.$bLibrary,$eformer owner.$5MnU
=752  \\$aGreat Britain$bEngland$dLondon.
=909  \\$acat$bMNU$c2015-03-18$dm-mccl$eori
=926  \\$aMARS
=967  \\$ascs20170325
=968  \\$aRDA ENRICHED
=997  \\$a905043943
=998  \\$aLDR:04540nam#a2200829#i#4500
=998  \\$b008:150317s1796####enkabef#######001#0#eng#d

