=LDR  03414cam a2200601 i 4500
=001  9973974781701701
=005  20170706123207.0
=008  150605s1766\\\\ne\af\\\\d\\\\000\0\dut\d
=035  \\$aMB20032
=035  \\$a(OCoLC)642353956
=040  \\$aMNU$beng$erda$edcrmb$cMNU$dMNU
=050  \4$aPF640
=099  \9$a1766 Se
=100  1\$aSewel, William,$d1653-1720.
=245  12$aA compleat dictionary English and Dutch, to which is added a grammar, for both languages. /$cOriginally compiled by William Sewel; but now, not only reviewed, and more than the half part augmented, yet according to the modernspelling, entirely improved; by Egbert Buys, ... = Volkomen woordenboek der Engelsche en Nederduitsche taalen; névens eene spraak-konst van dezelven, oorsprongkelyk saamengestëld door Willem Sewel; döch nu nier alleen overgezien, en neer als de helft vermeerderd; maar ook naar de hedendaagsche spelling, in allen opzichten verbétert, door Egbert Buys, ...
=246  31$aVolkomen woordenboek der Engelsche en Nederduitsche taalen
=246  38$aSewel's Dutch dictionary$5MnU
=264  \1$aTe Amsterdam :$bBy Kornelis de Veer,$cMDCCLXVI. [1766] ...
=300  \\$a2 volumes (14 unnumbered pages, 946 pages, 1 unnumbered leaf of plates; 8 unnumbered pages, 86, 1, 012 pages) :$billustration ;$c4to.
=336  \\$atext$btxt$2rdacontent
=337  \\$aunmediated$bn$2rdamedia
=338  \\$avolume$bnc$2rdacarrier
=340  \\$m4to$0http://rdaregistry.info/termList/bookFormat/1002
=500  \\$aSignatures: volume 1: pi⁴ (-pi4) *⁴ A-Z⁴ Aa-Zz⁴ Aaa-Zzz⁴ Aaaa-Zzzz⁴ Aaaaa-Zzzzz⁴ Aaaaaa-Cccccc⁴ Dddddd² (-Dddddd2) -- volume 2: pi⁴ A-L⁴ (-L4), ²A-²L⁴ M-Z⁴ Aa-Zz⁴ Aaa-Zzz⁴ Aaaa-Zzzz⁴ Aaaaa-Zzzzz⁴ Aaaaaa-Llllll⁴ Mmmmmm².
=500  \\$aTitle pages printed in red and black.
=500  \\$aIncludes half-titles.
=500  \\$aEngraved allegorical added title-page in volume 1, signed by J.C. Philips.
=500  \\$aMain body of text printed three columns to the page.
=500  \\$aThe grammars are at the beginning of volume 2.
=500  \\$aThe title-page of volume 2 has the parallel titles reversed with the Dutch title now at the head of the page.
=505  0\$aDeel 1: English-Dutch -- Deel 2: Dutch-English.
=510  4\$aEnglish short title catalogue,$cT153286
=650  \0$aEnglish language$vDictionaries$xDutch$vEarly works to 1800.
=650  \0$aDutch language$vDictionaries$xEnglish$vEarly works to 1800.
=650  \0$aDutch language$xGrammar$vEarly works to 1800.
=650  \0$aEnglish language$xGrammar$yEarly modern, 1500-1700$vEarly works to 1800.
=650  \7$aDutch language.$2fast$0(OCoLC)fst00899732
=650  \7$aDutch language$xGrammar.$2fast$0(OCoLC)fst00899764
=650  \7$aEnglish language.$2fast$0(OCoLC)fst00910920
=650  \7$aEnglish language$xGrammar.$2fast$0(OCoLC)fst00911209
=655  \7$aDictionaries.$2fast$0(OCoLC)fst01423826
=655  \7$aEarly works.$2fast$0(OCoLC)fst01411636
=700  1\$aBuys, Egbert,$d-1769.
=700  1\$aVeer, Kornelis de,$epublisher.
=700  1\$aPhilips, Jan Caspar,$d1700-$eengraver.
=752  \\$aNetherlands$dAmsterdam.
=909  \\$afcat$bMNU$c2015-06-05$dm-mccl$eori
=926  \\$aMARS
=967  \\$ascs20170325
=968  \\$aRDA ENRICHED
=997  \\$a642353956
=998  \\$aLDR:03372cam#a2200553#i#4500
=998  \\$b008:150605s1766####ne#af####d####000#0#dut#d

