=LDR  03581cam a2200577Ia 4500
=001  9973976205301701
=005  20170408000331.0
=008  920625s1739\\\\enkbf\\\\\\\\\001\0\eng\d
=035  \\$aMB20036
=035  \\$a(OCoLC)26084198
=040  \\$aOLA$beng$edcrb$cOLA$dOCLCQ$dOCLCF$dOCLCO$dMNU
=043  \\$anw-----$acl-----$anwjm---$anwbf---$an-us-fl$acc-----
=049  \\$aMNUA
=090  \\$aF1610$b.D47 1739
=245  02$aA Description of the Windward Passage, and Gulf of Florida :$bwith the course of the British trading-ships to, and from the island of Jamaica : also an account of the trade-winds, and of the variable winds and currents on the coasts thereabouts, at different seasons of the year : illustrated with a chart of the coast of Florida, and of the Islands of Bahama, Cuba, Hispaniola, Jamaica, and the adjacent smaller islands, shoals, rocks, and other remarkable things in the course of the navigation in the West-Indies : whereby is demonstrated, the precariousness of those voyages to the West-India merchants ... : to which are added, some proposals for the better securing of the British trade and navigation to and from the West-Indies : note, there is subjoin'd to this treatise a general index of the names, with a description of the scituations [sic] of all the islands, &c. which are contained in the annexed chart ... : likewise an alphabetical catalogue of the same names alone ... : to which is now annexed, a very remarkable letter, containing a succinct account of the galleons, flota, flotilla, and register-ships ...
=250  \\$aThe 2nd ed., with additions.
=260  \\$aLondon :$bPrinted and sold by J. Applebee ..., C. Corbett, bookseller and publisher ..., E. Nutt and E. Cook ..., and A. Dodd ...,$c1739.
=300  \\$a23 pages, 5 unnumbered pages, 7 pages, 1 unnumbered page, 1 unnumbered folded leaf of plates :$bmap ;$c23 cm (4to)
=336  \\$atext$btxt$2rdacontent
=337  \\$aunmediated$bn$2rdamedia
=338  \\$asheet$bnb$2rdacarrier
=340  \\$m4to$0http://rdaregistry.info/termList/bookFormat/1002
=500  \\$aThe map has title: A chart of the Bahama Islands with a description of the Gulf of Florida and Windward Passage & c referr'd from the figures here set down to the general index annexed ... by T.C.
=500  \\$a"A letter on the present state of the Spanish West-Indies, to P-- H--, esq." 7 pages at end.
=500  \\$aInitial, tail-piece.
=500  \\$aPublisher's advertisement: page [1] at end.
=500  \\$aIncludes indexes.
=650  \7$aCommerce$2fast$0(OCoLC)fst00869279
=650  \7$aTravel$2fast$0(OCoLC)fst01155558
=651  \0$aWindward Passage.
=651  \0$aWest Indies$xDescription and travel.
=651  \0$aLatin America$xCommerce.
=651  \0$aJamaica$xDescription and travel.
=651  \0$aBahamas.
=651  \0$aFlorida.
=651  \0$aSpanish Main.
=651  \7$aBahamas$2fast$0(OCoLC)fst01205834
=651  \7$aCaribbean Sea$zWindward Passage$2fast$0(OCoLC)fst01259637
=651  \7$aFlorida$2fast$0(OCoLC)fst01205150
=651  \7$aJamaica$2fast$0(OCoLC)fst01211575
=651  \7$aLatin America$2fast$0(OCoLC)fst01245945
=651  \7$aSouth America$zSpanish Main.$2fast$0(OCoLC)fst01244688
=651  \7$aWest Indies$2fast$0(OCoLC)fst01243265
=740  02$aLetter on the present state of the Spanish West-Indies.
=909  \\$acat$bMNU$c2015-05-18$ddezel002
=926  \\$aMARS
=967  \\$ascs20170325
=968  \\$aRDA ENRICHED
=997  \\$a26084198
=998  \\$aLDR:03462cam#a2200541Ia#4500
=998  \\$b008:920625s1739####enkbf#########001#0#eng#d

