=LDR  01658ntm a2200361Ii 4500
=001  9974057401701701
=005  20180724141734.0
=008  180131s1790\\\\enka\\\\\\\\\\000\0\eng\d
=035  \\$aMB20050
=035  \\$a(OCoLC)1021075642
=040  \\$aMNU$beng$edcrmmss$cMNU
=099  \9$a1790 fNa
=245  00$aNavigation lesson book,$f1790.
=264  \0$a[England?],$c[1790?]
=300  \\$a1 item (70 unnumbered pages) :$billustrations (some colored) ;$c33 cm (fol.)
=336  \\$atext$btxt$2rdacontent
=337  \\$aunmediated$bn$2rdamedia
=338  \\$avolume$bnc$2rdacarrier
=340  \\$mfolio$0http://rdaregistry.info/termList/bookFormat/1001
=500  \\$aManuscript lacks at least one leaf, and possibly as many as 12 leaves.
=520  \\$aClassic copybook, in a fine hand, giving directions for various methods of navigating and sailing, compass variation, taking observations and calculating position, and keeping a log, with samples of imaginary voyages of the ship "James" from London to Madeira, in 1783, and the schooner "Nancy" from Boston to Martinique, in 1790. both with "John William Quincy" as captain.
=650  \0$aNavigation$vEarly works to 1800.
=650  \0$aManuscripts, English$vSpecimens.
=650  \7$aManuscripts, English.$2fast$0(OCoLC)fst01008324
=650  \7$aNavigation$2fast$0(OCoLC)fst01035085
=655  \7$aEarly works.$2fast$0(OCoLC)fst01411636
=655  \7$aSpecimens.$2fast$0(OCoLC)fst01423861
=909  \\$acat$bMNU$c2018-01-31$dm-mccl$eori
=913  \\$avb16
=967  \\$ascs20170325
=997  \\$a1021075642
=998  \\$aLDR:01526ntm#a2200325Ii#4500
=998  \\$b008:180131s1790####enka##########000#0#eng#d

