=LDR  02465cam a2200433Ma 4500
=001  9933807480001701
=005  20170613075008.0
=008  820930m16081614fr\a\\\\\\\\\\001\0\fre\d
=035  \\$a(OCoLC)37732256
=040  \\$aMNU$beng$cMNU$dOCL$dOCLCQ$dOCLCG$dOCLCQ$dOCLCF$dOCLCQ$dOCLCO
=043  \\$aa------$as------
=050  \4$aDS461.3$b.D87 1608
=100  1\$aDu Jarric, Pierre,$d1566-1617.
=245  10$aHistoire des choses plus memorables aduenues tant ez Indes Orientales, que autres païs de la descouuerte des Portugais, en l'establissement & progrez de la foy chrestienne, & catholique :$bet principalement de ce que les religieux de la Compagnie de Iesus y ont faict, & enduré pour la mesme fin ; depuis qu'ils y sont entrez jusques à l'an 1600. /$cLe tout recueilly des lettres, & aurres histoires, qui en ont esté escrites cy deuant, & mis en ordre par le P. Pierre du Iarric, tolosain, de la mesme compagnie.
=246  3\$aHistoire des choses plus memorables advenues tant ez Indes Orientales
=260  \\$aA Bourdeaus :$bPar S. Millanges imprimeur ordinaire du roy.,$cM. DC. VIII [-MDCXIIII]. [1608-1614]
=300  \\$a3 volumes :$b[1] illustrations ;$c24 cm (4to)
=336  \\$atext$btxt$2rdacontent
=337  \\$aunmediated$bn$2rdamedia
=338  \\$avolume$bnc$2rdacarrier
=340  \\$m4to$0http://rdaregistry.info/termList/bookFormat/1002
=500  \\$aVol. 1: 1608; v. 2: 1610; v. 3: 1614.
=500  \\$aSignatures: v. 1: *⁴ **² A-4V⁴ 4X²; v. 2: pi1 [par.]⁴ A-4Z⁴ 5A²; v. 3: *⁴ **² A-3O⁴ 3P⁶ 3Q-6Y⁴ 6Z² (6S4 and 6Z2 versos blank).
=500  \\$aPagination: v. 1, [12], 699, [17] ; v. 2: [10], 699, [41] p.; v. 3, [12], 1067, [37] p.
=500  \\$aThe title page of v. 2 has an engraved border.
=500  \\$aP. 510 in v. 1 is a full page illustration.
=510  4\$aAlden, J.E. European Americana,$c610/36
=500  \\$aErrata statements: v. 1,leaf 4x2 verso; v. 2, leaf 5A2 verso; v. 3, leaf 6Z2 recto.
=500  \\$aIncludes index.
=500  \\$aVol. 2, p. 248-359: De la region du Brasil, des qualitez du pays, & habitans d'iceluy.
=610  20$aJesuits$xMissions.
=610  20$aJesuits$zIndia.
=610  27$aJesuits$2fast$0(OCoLC)fst00532143
=650  \7$aMissions$2fast$0(OCoLC)fst01023771
=651  \7$aIndia$2fast$0(OCoLC)fst01210276
=752  \\$aFrance$dBordeaux.
=997  \\$a37732256
=998  \\$aLDR:02462cam#a2200421Ma#4500
=998  \\$b008:820930m16081614fr#a##########001#0#fre#d

