=LDR  01656nam a2200445 a 4500
=001  9933971890001701
=005  20170401024751.0
=008  870909s1756\\\\enkaf\\\\\\\\\001\0\eng\d
=035  \\$a(Aleph)000478767UMN01
=035  \\$a(MnU)notisANW4991
=035  \\$aBELLTRANSFER0232
=035  \\$a(OCoLC)16657640
=040  \\$aSMI$ebdrb$cSMI$dOCL
=049  \\$aMNUA
=050  \4$aQB42
=100  1\$aFerguson, James,$d1710-1776.
=245  10$aAstronomy explained upon Sir Isaac Newton's Principles :$band made easy to those who have not studied mathematics /$cby James Ferguson.
=260  \\$aLondon :$bPrinted for, and sold by the author,$c1756.
=300  \\$a8 unnumbered pages, 267 pages, 9 unnumbered pages, 14 unnumbered folded leaves of plates :$billustrations ;$c28 cm (4to)
=336  \\$atext$btxt$2rdacontent
=337  \\$aunmediated$bn$2rdamedia
=338  \\$avolume$bnc$2rdacarrier
=340  \\$m4to$0http://rdaregistry.info/termList/bookFormat/1002
=500  \\$aPlates engraved by J. Mynde and G. Child.
=500  \\$aErrata: page [8].
=500  \\$aDirections to the bookbinder for placing the plates: page [276].
=500  \\$aIncludes index.
=650  \0$aAstronomy$vEarly works to 1800.
=700  1\$aChild, G.,$dactive 18th century.
=700  1\$aMynde, James,$d1702-1771.
=700  1\$aDibner, Bern,$edonor.$5DSI
=710  2\$aHolland House,$eformer owner.$5DSI
=926  \\$aMARS
=945  \\$aCAT$b1994-05-31$nbao2
=967  \\$ascs20170325
=968  \\$aRDA ENRICHED
=997  \\$a16657640
=998  \\$aLDR:01565nam#a2200421#a#4500
=998  \\$b008:870909s1756####enkaf#########001#0#eng#d
=999  99$aANW4991$bUL

