=LDR  01710aam a2200481 a 4500
=001  9930886720001701
=005  20170331062049.0
=008  840308s1785\\\\enk\\\\\\\\\\\000\0\eng\\
=010  \\$a   42034518 
=035  \\$a(Aleph)006709516UMN01
=035  \\$aMB2684
=035  \\$a(OCoLC)21657793
=040  \\$aDLC$beng$edcrmb$cCUY$dCCO$dOCLCQ$dMnU
=043  \\$ae-uk---
=050  00$aHD9198.G74$bE25
=050  04$aHD9198.G74$bE25 1785
=092  \\$a382.0942$bC734n
=099  \9$a1785 Lo
=110  2\$aCommittee of Tea-Dealers (London, England)
=245  12$aA narrative of the conduct of the tea-dealers, during the late sale of teas at the India House /$cby the Committee of tea-dealers.
=260  \\$aLondon :$bPrinted for T. Cadell, in the Strand,$cMDCCLXXXV [1785]
=300  \\$a4 unnumbered pages, 31 pages, 1 unnumbered page ;$c22 cm (8vo)
=336  \\$atext$btxt$2rdacontent
=337  \\$aunmediated$bn$2rdamedia
=338  \\$avolume$bnc$2rdacarrier
=340  \\$m8vo$0http://rdaregistry.info/termList/bookFormat/1003
=500  \\$aWith half title.
=500  \\$aSignatures: A-D⁴
=500  \\$aFinal page is blank.
=510  4\$aBMC$c197:377
=510  4\$aESTC$cT143449
=610  20$aEast India Company
=650  \0$aTea trade$zGreat Britain$vEarly works to 1800.
=650  \0$aMerchants$xProfessional ethics$zEngland$zLondon$vEarly works to 1800.
=700  1\$aCadell, T.$q(Thomas),$d1742-1802,$ebookseller.
=752  \\$aGreat Britain$bEngland$dLondon.
=926  \\$aMARS
=967  \\$ascs20170325
=968  \\$aRDA ENRICHED
=997  \\$a21657793
=998  \\$aLDR:01618aam#a2200457#a#4500
=998  \\$b008:840308s1785####enk###########000#0#eng##
=999  \\$aZ39$bOCLC

