=LDR  01633aam a2200421 a 4500
=001  9931060530001701
=005  20190214153053.0
=006  m\\\\\\\\u\\\\\\\\
=008  750929s1778\\\\gw\b\\\\\\\\\\000\0\eng\\
=010  \\$a   02001643 
=035  \\$a(Aleph)006263222UMN01
=035  \\$aMB4561
=035  \\$a(OCoLC)1660789
=040  \\$aDLC$cDZM$dDLC$dOCLCQ$dOCLCG$dDEBBG$dMnU
=043  \\$an------$ae-uk---$as------
=050  00$aE38$b.L53
=099  \9$a1778 Le
=100  1\$aLeiste, Christian,$d1738-1815.
=245  10$aBeschreibung des Brittischen Amerika zur Ersparung der englischen Karten :$bnebst einer Special-Karte der mittlern Brittischen Colonien /$cvon Christian Leiste.
=260  \\$aWolfenbüttel :$bDaselbst gedruckt mit Bindseilschen Schriften,$c1778.
=300  \\$a29, that is, 20 pages, 571 pages, 1 unnumbered page, [1} folded leaf of plates :$bmap ;$c19 cm (8vo)
=336  \\$atext$btxt$2rdacontent
=337  \\$aunmediated$bn$2rdamedia
=338  \\$asheet$bnb$2rdacarrier
=340  \\$m8vo$0http://rdaregistry.info/termList/bookFormat/1003
=500  \\$aPage 20 [Preface] incorrectly numbered 29.
=500  \\$aMap is hand-colored.$5MnU
=500  \\$a"Verbesserungen und Zusätze": page [572].
=651  \0$aNorth America$xDescription and travel$vEarly works to 1800.
=651  \0$aGreat Britain$xColonies$zAmerica$vEarly works to 1800.
=926  \\$aMARS
=967  \\$ascs20170325
=968  \\$aRDA ENRICHED
=997  \\$a1660789
=998  \\$aLDR:01575aam#a2200409#a#4500
=998  \\$b008:750929s1778####gw#b##########000#0#eng##
=998  \\$d006:m        u        
=999  \\$aZ39$bOCLC

