=LDR  01866cam a22003971  4500
=001  9953386810001701
=005  20170404024859.0
=008  820223s1776\\\\enk\\\\\\\\\\\000\0\eng\\
=010  \\$a   05039734 
=035  \\$a(Aleph)006201310UMN01
=035  \\$aB1054
=035  \\$a(OCoLC)8182394
=040  \\$aDLC$cNYG$dDLC$dOCLCQ$dMnU
=043  \\$ar------
=050  00$aG638$b.S9
=099  \9$a1776 Su
=245  00$aSummary observations and facts collected from late and authentic accounts of Russian and other navigators, to show the practicability and good prospect of success in enterprises to discover a northern passage for vessels by sea, between Atlantic and Pacific oceans, or nearly to approach the North pole; for which the offers of reward are renewed by a late act of Parliament.
=260  \\$aLondon :$bSold by John Nourse, Bookseller to the King, and to the Board of Longitude,$cMDCCLXXVI [1776]
=300  \\$a1 unnumbered leaf, 29 pages ;$c25 cm (folio)
=336  \\$atext$btxt$2rdacontent
=337  \\$aunmediated$bn$2rdamedia
=338  \\$avolume$bnc$2rdacarrier
=340  \\$mfolio$0http://rdaregistry.info/termList/bookFormat/1001
=500  \\$a"Short account of some voyages made by order of the King of Spain, to discover the state of the west American coast from California upward. Dated Madrid, 24 March, 1776": pages 28-29.
=500  \\$aSabin 93597. Attributed to Daines Barrington and De Val Travers.
=650  \0$aVoyages and travels$vEarly works to 1800.
=651  \0$aNortheast Passage.
=700  1\$aNourse, J.$q(John),$d-1780,$ebookseller.
=700  1\$aBell, James Ford,$d1879-1961,$eformer owner.$5MnU
=926  \\$aMARS
=967  \\$ascs20170325
=968  \\$aRDA ENRICHED
=997  \\$a8182394
=998  \\$aLDR:01766cam#a22003731##4500
=998  \\$b008:820223s1776####enk###########000#0#eng##
=SID  \\$aZ39$bOCLC

