=LDR  05834cam a2200637   4500
=001  9953480070001701
=005  20170404025537.0
=008  761207s1768\\\\sp\\\\\\\\\\\\000\0\spa\\
=010  \\$a   03022328 
=019  \\$a79418583$a297220566
=035  \\$a(Aleph)000914963UMN01
=035  \\$a(MnU)notisAGB6662
=035  \\$a(OCoLC)2604601
=040  \\$aDLC$cAZS$dAZS$dOCL$dNYP$dOCLCG$dGZM$dCUD
=041  1\$alat$aspa$hspa
=043  \\$as-py---
=050  \0$aF2684$b.C69$aBX3714.P2C6
=245  00$aColección general de documentos tocantes a la persecucion que los regulares de la Compañia suscitaron y siguieron tenázmente por medio de sus jueces conservadores y ganando algunos ministros seculares desde 1644 hasta 1660 contra ... Bernardino de Cardenas ... /$cVán añadidos en esta edicion muchos documentos inédidos, y un prologo que sirve de introduccion.
=246  3\$aColeccion general de documentos
=246  35$aColección general de documentos que contiene los sucesos tocantes a la segunda epoca de las conmociones de los Regulares de la Compañia en el Paraguay y señaladamente la persecucion que hicieron a don Josef de Antequera y Castro.
=246  35$aColeccion general de documentos tocantes á la tercera época de las conmociones de los Regulares de la Compañia en el Paraguay.
=260  \\$aMadrid :$bImprenta real de la Gaceta,$c1768-1770.
=300  \\$a4 volumes ;$c24 cm (4to)
=336  \\$atext$btxt$2rdacontent
=337  \\$aunmediated$bn$2rdamedia
=338  \\$avolume$bnc$2rdacarrier
=340  \\$m4to$0http://rdaregistry.info/termList/bookFormat/1002
=500  \\$aThe title by Tadeo Henis is in Latin with facing Spanish translation in two columns..
=500  \\$aVolume 3 has title: Coleccion general de documentos, que contiene los sucesos tocantes á la segunda época de las conmociones de los regulares de la Compañia en el Paraguay, y señaladamente la persecucion, que hicieron a Don Josef de Antequera y Castro. Vá añadido en esta edicion el informe de Don Mathias Angles y Gotari ... Vol 4.: Coleccion general de documentos, tocantes á la tercera epoca de las conmociones de los regulares de la Compañia en el Paraguay. Contiene El reyno jesuitico del Paraguay, por siglo y medio negado y oculto, hoy demostrado y descubierto. Su autor D. Bernardo Ibañez de Echavarri. Vá añadido el diario de la guerra de los Guaranies, escrito por el P. Tadeo Henis ...
=500  \\$aBibliographical references.
=505  0\$at. 1. Prologo.--Memorial y defensorio ... del ... Fr. Bernardino de Cárdenas [por Juan de S. Diego y Villalón] (with special t.-p.)--Memorial del P. Julian de Pedraza.--Respuesta al Memorial del P. Julian de Pedraza ... contra ... Bernardino de Cárdenas, obispo del paraguay [por Juan de S. Diego Villalón]--Discurso de la vida, meritos, y trabajos del obispo del Paraguay ... por Fr. Juan de S. Diego Villalón.--t. 2. Apendice de monumentos pertenecientes á las controversias de los regulares de la Compañia en el Paraguay, contra ... D. Fr. Bernardino de Cárdenas (with special t.-p.) Contains: Informe hecho al Sr. Phelipe IV. por el P. Andrés de Rada, visitador de la Compañía en el Paraguay. Papel en verso, sobre el recibimiento del ... obispo ... Bernardino de Cárdenas, y persecuciones que le suscitaron los regulares de la Compañía. Requerimiento en que se hace relacion de la traycion y alzamiento executado en el Paraguay contra la iglesia y el rey, por las armas, consejos y asistencia de los religiosos de la Compañía [por Gaspar de Arteaga] Respuesta que dió Fr. Gaspar de Arteaga ... á unos cargos maliciosos, que los padres de la Compañía hicieron contra el dicho ante su provincial. Papel que trata de lo que le consienten á un frayle de San Francisco en su religion, y á los de la Compañía en la suya. Continuacion de lo sucedido al obispo del Paraguay, desde donde lo dexó Fr. Juan de Villalón en su ...
=505  0\$av. 3. Memorial ajustado de D. Joseph de Antequera. Cartas del señor doctor D. Joseph de Antequera y castro ... escritas al Ilmo. Sr. Maestro Don Fray Joseph de Palos. Copia del informe que hizo el general D. Mathias de Angles y Gortari -- v. 4. El Reyno Jesuitico del Paraguay por siglo y medio negado y oculto, hoy demostrado y descubierto / su autor D. Bernardo Ibañez de Echavarri. Efemerides de la guerra de los guaranies desde el año de 1754, o, Diario de la guerra del paraguay / escrito por el padre Tadeó Henis.
=510  4\$aPalau$c56511
=600  10$aCárdenas, Bernardino de,$dactive 17th century.
=600  10$aAntequera y Castro, José de,$d1690-1731.
=610  20$aJesuits$zParaguay.
=700  1\$aSan Diego y Villalón, Juan de.
=700  1\$aPedraza, Julien de,$d1599-1662.
=700  1\$aRada, Andrés de,$d1601-1673.
=700  1\$aArteaga, Gaspar de.
=700  1\$aCárdenas, Bernardino de,$dactive 17th century.
=700  1\$aIbáñez de Echavarri, Bernardo,$d1715-1762.
=700  12$aCarrillo, Alonso.$tDiscursos juridicos en defensa de la consagración de Don Fray Bernardino de Cárdenas.
=700  12$aHenis, Tadeo Xavier,$d1711-.$tEfemerides de la guerra de los guaranies, o, Diario de la guerra del Paraguay.
=740  0\$aMemorial y defensorio al Rey N. Señor por el credito, opinion y derechos episcopales de la persona y dignidad del Illmo. y Revmo. D. Fr. Bernardino de Cardenas ...
=740  0\$aMemorial ajustado de D. Joseph de Antequera.
=740  0\$aDiario de la guerra del paraguay.
=926  \\$aMARS
=936  \\$aPR 55247904
=967  \\$ascs20170325
=968  \\$aRDA ENRICHED
=997  \\$a2604601
=998  \\$aLDR:06114cam#a2200613###4500
=998  \\$b008:761207s1768####sp############000#0#spa##
=999  99$aAGB6662$bUL
=SID  \\$aZ39$bOCLC

