=LDR  03726nam a2200601 a 4500
=001  9953672940001701
=005  20170404030642.0
=008  931028s1551\\\\sz\af\\\\\\\\\001\0\lat\d
=035  \\$a(Aleph)001123745UMN01
=035  \\$a(MnU)notisANS2373
=035  \\$aBELLTRANSFER0807
=035  \\$a(OCoLC)29808435
=040  \\$aCSt$cCSt$dDFo$edcrb$dMnU
=041  1\$alat$hgrc
=050  \4$aQB41
=100  0\$aPtolemy,$dactive 2nd century.
=240  10$aWorks.$kSelections.$lLatin.$f1551
=245  10$aClaudij Ptolemaei Pelusiensis Alexandrini Omnia quae extant opera, praeter Geographiam, quam non dissimili forma nuperrimè aedidimus /$csumma cura & diligentia castigata ab Erasmo Osualdo Schrekhenfuchsio, & ab eodem Isagoica [sic] in Almagestum praefatione, & fidelissimis in priores libros annotationibus illustrata, quemadmodum sequens pagina catalogo indicat.
=260  \\$aBasileae :$bIn officina Henrichi Petri,$cMense Martio, anno 1551.
=300  \\$a88 unnumbered pages, 447 pages, 1 unnumbered page, 2 folded leaves of plates :$billustrations (woodcuts) ;$c32 cm (folio)
=336  \\$atext$btxt$2rdacontent
=337  \\$aunmediated$bn$2rdamedia
=338  \\$avolume$bnc$2rdacarrier
=340  \\$mfolio$0http://rdaregistry.info/termList/bookFormat/1001
=500  \\$aPublisher statement and date from colophon.
=500  \\$aSignatures: 2[cross]¡, *¡, a-d¡, e-f♯, A¡, B℗, C¡, D♯, E-G¡, H□, I-Z¡, Aa℗, Bb♯, Cc-Ff¡, Gg℗, Hh-Pp¡, Qq♯, Rr¡.
=500  \\$aTwo columns to the page.
=500  \\$aProclus's Hypotyposis astronomicarum positionum is in fact the second item, following the Almagest, and not the last.
=500  \\$aIncludes index.
=505  0\$a(from t.p. verso) Almagesti seu Magnae compositionis mathematicae opus / à Georgio Trapezuntio tralatum, lib. XIII -- De iudicijs astrologicis, aut, ut uulgò uocant, Quadripartitae constructionis, lib. IIII / Quorum priores duo à Ioachimo Camerario Latinitate donati sunt ... -- Centum sententiae, quod Centiloquium dicunt / à Iouiniano Pontano uersae -- Inerrantium stellarum seu fixarum significationes / per Nicolaum Leonicum traductae -- Procli Diadochi Hypotyposes astronomicarum positionum, quod est omnium, quae in Almagesto demonstrantur epitome & compendium, ad reminiscentiam rerum plurimum conducens / Georgio Valla Placentino interprete -- Addidimus etiam propter illustrationem operum, & memoriam rerum Lucae Guarici annotationes -- Adsunt etiam annotationes & praefatio Isagogica, in tres priores libros Almagesti / Erasmo Osualdo Schrekenfuchsio autore.
=510  4\$aVD 16$cP5205.
=510  4\$aAdams$cP2208.
=510  4\$aBM STC German, 1455-1600,$cp. 718.
=650  \0$aAstronomy$vEarly works to 1800.
=650  \0$aAstrology$vEarly works to 1800.
=700  0\$aGeorge,$cof Trebizond,$d1396-1486
=700  1\$aCamerarius, Joachim,$d1500-1574$etranslator.
=700  1\$aPontano, Giovanni Gioviano,$d1429-1503,$etranslator.
=700  1\$aTomeo, Niccolò Leonico,$d1456?-1531?
=700  1\$aValla, Giorgio,$d1447-1500.
=700  1\$aGaurico, Luca,$d1476-1558.
=700  02$aPtolemy,$dactive 2nd century.$tAlmagest.$lLatin.
=700  02$aProclus,$dapproximately 410-485.$tHypotyposis astronomicarum positionum.$lLatin.
=700  1\$aSchreckenfuchs, Erasmus Oswald,$d1511-1579.
=700  1\$aElsynge, Henry,$d1577-1635 or 1636,$eformer owner.$5MnU
=740  0\$aClavdii Ptolemaei Pelusiensis Alexandrini Omnia quae extant opera, praeter Geographiam.
=926  \\$aMARS
=967  \\$ascs20170325
=968  \\$aRDA ENRICHED
=997  \\$a29808435
=998  \\$aLDR:03711nam#a2200577#a#4500
=998  \\$b008:931028s1551####sz#af#########001#0#lat#d
=999  99$aANS2373$bUL

