=LDR  02806cam a2200565Ii 4500
=001  9917693220001701
=005  20181108153854.0
=008  890106s1800\\\\sw\bcf\\\\\\\\000\0\swe\d
=035  \\$a(Aleph)001740757UMN01
=035  \\$a(OCoLC)18975415
=035  \\$aMB4186
=040  \\$aWAU$beng$erda$edcrmb$cWAU$dOCLCQ$dOCLCG$dOCLCQ$dOCLCF$dOCLCQ$dOCLCO$dMNU
=041  1\$aswe$heng
=043  \\$ar------
=099  \9$a1800 Sp (a)
=100  1\$aVancouver, George,$d1757-1798$eauthor.
=240  10$aVoyage of discovery to the North Pacific Ocean and round the world.$lSwedish
=245  13$aEn upptäckts-resa till Norra stilla hafvet och kring jordklotet :$batt på kongl, engelsk befallning och omkostnad i synnerbet forska efter något segellart sammanbang imellan Norra stilla och Norra Atlantiska hafven, förrättad åhren 1790, 1791, 1792, 1793, 1794, 1795 /$cunder commando af capitain George Vancouver ; Ifrån engelskan i sammandrag utgifven af Anders Sparrman.
=264  \1$aStockholm :$bHos Anders Zetterberg,$cMDCCC [1800]
=300  \\$a2 volumes :$bfolded map, portraits, plates ;$c18 cm (8vo)
=336  \\$atext$btxt$2rdacontent
=337  \\$aunmediated$bn$2rdamedia
=338  \\$avolume$bnc$2rdacarrier
=340  \\$m8vo$0http://rdaregistry.info/termList/bookFormat/1003
=501  \\$aWith: Resa genom Kamtschatka och Sibirien år 1787 och 1788 / af Herr von Lesseps : sammandrag.$5MnU
=500  \\$aPagination: volume 1. [6], 184 pages, [8] leaves of plates -- volume 2. [8], 192 pages, [1] folded leaf of plates.
=500  \\$aSignatures: volume 1. pi³ a-l⁸ m⁴ -- volume 2. )o(⁴ a-m⁸; )o(1 is unsigned.
=500  \\$aWoodcuts: device, head- and tail-pieces.
=546  \\$aTranslation of: A voyage of discovery to the North Pacific Ocean and round the world.
=546  \\$aIn Swedish; translated from English.
=650  \0$aVoyages around the world.
=610  20$aDiscovery (Ship : Launched 1789)
=610  20$aChatham (Ship)
=651  \0$aNorthwest Passage.
=651  \0$aNorthwest Coast of North America.
=610  27$aChatham (Ship)$2fast$0(OCoLC)fst00600969
=610  27$aDiscovery (Ship : Launched 1789)$2fast$0(OCoLC)fst00600968
=650  \7$aVoyages around the world.$2fast$0(OCoLC)fst01169326
=651  \7$aArctic Ocean$zNorthwest Passage.$2fast$0(OCoLC)fst01242546
=651  \7$aNorth America$zNorthwest Coast of North America$2fast$0(OCoLC)fst01242545
=700  1\$aZetterberg, Anders,$epublisher.
=700  1\$aSparrman, Anders,$d1748-1820,$etranslator.
=752  \\$aSweden$dStockholm.
=909  \\$acat$bMNU$c2018-09-07$dkkdavis
=926  \\$aMARS
=967  \\$ascs20170325
=968  \\$aRDA ENRICHED
=997  \\$a18975415
=998  \\$aLDR:02806cam#a2200553Ii#4500
=998  \\$b008:890106s1800####sw#bcf########000#0#swe#d

