=LDR  02352cam a22004932a 4500
=001  9917805870001701
=005  20170329025954.0
=008  851122s1770\\\\fr\abef\\\\\\\000\0\fre\d
=010  \\$a   41001448 
=035  \\$a(Aleph)005984177UMN01
=035  \\$aMB2720
=035  \\$a(OCoLC)78102213
=040  \\$aRPB$cRBN$dOCLCG$dYUS$dMnU
=043  \\$as-cl---$as-ag---
=050  14$aCF3031$b.P47 1770
=099  \9$a1770 Pe
=100  1\$aPernety, Antoine-Joseph,$d1716-1801.
=245  10$aHistoire d'un voyage aux isles Malouines, fait en 1763 & 1764 :$bavec des observations sur le detroit de Magellan, et sur les Patagons /$cpar Dom Pernetty.
=250  \\$aNouvelle édition :$brefondue & augmentée d'un discours préliminaire, de remarques sur l'histoire naturelle, &c.
=260  \\$aA Paris :$bChez Saillant & Nyon, Librares, rue Saint-Jean-de-Beauvais :$bChez Delalain, Libraire, rue & à côté de la Comédie Françoise,$cMDCCLXX [1770]
=300  \\$a2 volumes :$billustrations, maps, plans ;$c20 cm (8vo)
=336  \\$atext$btxt$2rdacontent
=337  \\$aunmediated$bn$2rdamedia
=338  \\$avolume$bnc$2rdacarrier
=340  \\$m8vo$0http://rdaregistry.info/termList/bookFormat/1003
=500  \\$aFirst edition published under title: Journal historique d'un voyage fait aux iles Malouïnes, Berlin, 1769.
=500  \\$aVolume 1: [2], iv, 385, [1] pages (last p. blank) ; volume 2: [2], 334, [2] pages, XVI [i.e., XVIII] folded leaves of plates.
=500  \\$aPlates numbered VIII* and IX* follow plates VIII and IX, respectively.
=500  \\$a"Dictionnaire des termes de marine employés dans cet ouvrage": volume 2, pages 301-334.
=510  4\$aSabin$c60996.
=650  \0$aNatural history$zFalkland Islands$vEarly works to 1800.
=651  \0$aMagellan, Strait of (Chile and Argentina)$vEarly works to 1800.
=651  \0$aFalkland Islands$vEarly works to 1800.
=700  1\$aDelalain, Nicolas-Augustin,$d1735?-1807?,$epublisher.
=700  1\$aDe Riocour,$cM.,$eformer owner.$5MnU
=700  1\$aDe Lacorbiére, Louis,$eformer owner.$5MnU
=710  2\$aChez Saillant & Nyon,$epublisher.
=926  \\$aMARS
=967  \\$ascs20170325
=968  \\$aRDA ENRICHED
=997  \\$a78102213
=998  \\$aLDR:02320cam#a22004692a#4500
=998  \\$b008:851122s1770####fr#abef#######000#0#fre#d
=SID  \\$aZ39$bOCLC

