=LDR  01810nam a2200409 a 4500
=001  9917837540001701
=005  20170329030331.0
=008  110308s1770\\\\fr\\\\\\\bd\\\000\0\fre\d
=035  \\$a(Aleph)005991196UMN01
=035  \\$aMB4867
=035  \\$a(OCoLC)707261962
=040  \\$aMnU$edcrmb$cMnU
=043  \\$ae-fr---
=050  \4$aHB151
=099  \9$a1770 Sa1
=245  00$aDictionnaire portatif de commerce :$bcontenant la connoissance des marchandises de tous les pays, ou les principaux & nouveaux articles, concernans le commerce & l'economie, les arts, les manufactures, les fabriques, la minéralogie, les drogues, les plantes, les pierres précieuses, &c. &c.
=260  \\$aA Bouillon :$bAux dépens de la Société typographique ;$aEt se trouve a Liege :$bChez C. Plomteux,$cMDCCLXX [1770]
=300  \\$a4 volumes ;$c21 cm (8vo)
=336  \\$atext$btxt$2rdacontent
=337  \\$aunmediated$bn$2rdamedia
=338  \\$avolume$bnc$2rdacarrier
=340  \\$m8vo$0http://rdaregistry.info/termList/bookFormat/1003
=500  \\$aAbridged from Savary des Bruslons's Dictionnaire universel de commerce. Cf. Brit. Mus. cat.
=500  \\$aTitle vignettes.
=504  \\$aIncludes bibliographical references.
=505  0\$at.1. A-Chau -- t.2. Chau-Feru -- t.3. Feru-Moule -- t.4. Moule-Zoroche.
=650  \0$aCommerce$vDictionaries$xFrench.
=650  \0$aCommerce$vEarly works to 1800.
=700  1\$aSavary des Brûlons, Jacques,$d1657-1716.$tDictionnaire universel de commerce.
=710  2\$aChez C. Plomteux,$epublisher.
=710  2\$aSociété typographique (Bouillon, France),$eprinter.
=926  \\$aMARS
=967  \\$ascs20170325
=968  \\$aRDA ENRICHED
=997  \\$a707261962
=998  \\$aLDR:01766nam#a2200385#a#4500
=998  \\$b008:110308s1770####fr#######bd###000#0#fre#d

