=LDR  01822nam a2200421 a 4500
=001  9917839840001701
=005  20170329030126.0
=008  110308m17701771it\\\\\\\d\\\\000\0\ita\d
=035  \\$a(Aleph)005991251UMN01
=035  \\$aMB4379
=035  \\$a(OCoLC)707262119
=040  \\$aMnU$edcrmb$cMnU
=041  1\$aita$hfre
=099  \9$a1770 Sa
=100  1\$aSavary des Brûlons, Jacques,$d1657-1716.
=240  10$aDictionnaire universel de commerce.$lItalian
=245  10$aDizionario di commercio dei signori fratelli Savary :$bche comprende la cognizione delle merci d'ogni paese, ovvero i principali e nuovi articoli risguardanti il commercio, l'economia rurale, le finanze, le arti, le manifatture, le fabbriche, la mineralogia, le droghe, le piante, le gemme, ec. ec. /$caccresciuto di varj importantissimi articoli, tratti dall' Enciclopedia, e dalle Memorie dell' accuratissimo Mr. Garcin, ec.
=250  \\$aEdizione prima italiana.
=260  \\$aIn Venezia :$bPresso Giambatista Pasquali,$cMDCCLXX-MDCCLXXI [1770-1771]
=300  \\$a4 volumes ;$c26 cm (4to)
=336  \\$atext$btxt$2rdacontent
=337  \\$aunmediated$bn$2rdamedia
=338  \\$avolume$bnc$2rdacarrier
=340  \\$m4to$0http://rdaregistry.info/termList/bookFormat/1002
=500  \\$aTitle vignettes.
=500  \\$aPrinted in two columns.
=505  0\$at.1. Ab-Cl -- t.2. Co-Ku -- t.3. La-Pu -- t.4. Qu-Zu.
=650  \0$aCommerce$vDictionaries$xItalian.
=650  \0$aCommerce$vEarly works to 1800.
=700  1\$aSavary, Philémon-Louis,$d1654-1727.
=700  1\$aPasquali, Giovanni Battista,$eprinter.
=752  \\$aItaly$dVenice.
=926  \\$aMARS
=967  \\$ascs20170325
=968  \\$aRDA ENRICHED
=997  \\$a707262119
=998  \\$aLDR:01736nam#a2200397#a#4500
=998  \\$b008:110308m17701771it#######d####000#0#ita#d

