=LDR  02079cam a2200445 a 4500
=001  9918009510001701
=005  20170329031911.0
=008  810417s1782\\\\ne\abcf\\\\\\\000\0\fre\d
=035  \\$a(Aleph)006395917UMN01
=035  \\$aMB4412
=035  \\$a(OCoLC)7347830
=040  \\$aRETROCON/NYGG (ZYU)$edcrmb$beng$cZYU$dZYU$dOCLCQ$dOCLCG$dMNU
=043  \\$ae-fr---
=049  \\$aMNUA
=050  \4$aDC146.N36$bC7
=050  \4$aDC146.N36$bC7 1782
=099  \9$a1782 Co
=245  00$aCollection complette de tous les ouvrages pour et contre M. Necker :$bavec des notes critiques, politiques et secrets : le tout par ordre chronologique, enrichi du portrait de M. Necker, & d'une belle gravure represéntant Madame la Princesse de P..., avec Madame Necker.
=260  \\$aUtrecht :$b[publisher not identified],$c1782.
=300  \\$a3 volumes in 1 :$bportraits, map ;$c21 cm (8vo)
=336  \\$atext$btxt$2rdacontent
=337  \\$aunmediated$bn$2rdamedia
=338  \\$avolume$bnc$2rdacarrier
=340  \\$m8vo$0http://rdaregistry.info/termList/bookFormat/1003
=500  \\$aTwenty-two pieces, many of which had previously been published separately, and all but one of which were included in the 1781 edition of this title.
=500  \\$aCollation: t.1: [4], 112, 88 pages, [2] leaves of plates (1 folded); t.2: [4], 171, [1] pages, [2] leaves of plates; t.3: [4], 132 pages, [1] leaf of plates (folded).
=500  \\$aSignatures: t.1: pi² A-G⁸ A-E⁸ F⁴; t.2: pi² A-K⁸ L⁴ M²; t.3: pi² A-H⁸ I⁴ (-I3-4)
=500  \\$aMis-signing: t.1, second grouping, B⁴ is mis-signed H⁴.
=500  \\$aTitle page vignettes, head- and tail-pieces.
=510  4\$aKress$cB.452
=600  10$aNecker, Jacques,$d1732-1804.
=650  \0$aFinance$zFrance$xHistory.
=651  \0$aFrance$xHistory$yRevolution, 1789-1799.
=710  2\$aLibrairie Fl. Tulkens,$ebookseller.$5MnU
=926  \\$aMARS
=967  \\$ascs20170325
=968  \\$aRDA ENRICHED
=997  \\$a7347830
=998  \\$aLDR:02032cam#a2200421#a#4500
=998  \\$b008:810417s1782####ne#abcf#######000#0#fre#d

