=LDR  02012nam a22004335a 4500
=001  9915483710001701
=005  20180919132216.0
=008  940309s1694\\\\enk\\\\\\\\\\\000\0\eng\\
=010  \\$a   94839880 
=035  \\$a(Aleph)001918593UMN01
=035  \\$a(MnU)notisATC5575
=035  \\$a(OCoLC)30110227
=040  \\$aDLC$edcrb$cDLC$dMnU
=043  \\$ae-uk---
=049  \\$aMNUA
=050  00$aAC901$b.M5 vol. 173, no. 2
=100  1\$aEverett, George,$cShipwright.
=245  14$aThe path-way to peace and profit, or, Truth in its plain dress :$bwherein is methodically set forth a sure and certain way for the more speedy and effectual building and repairing their majesties royal navy ... : together with a proposed method for the raising and saving of moneys for monthly payments accordingly ... /$cby George Everett, ship-wright.
=260  \\$aLondon :$bPrinted for the author, and are to be sold by Randal Taylor ...,$c1694.
=300  \\$a8 unnumbered pages, 23 pages ;$c19 cm (4to)
=336  \\$atext$btxt$2rdacontent
=337  \\$aunmediated$bn$2rdamedia
=338  \\$avolume$bnc$2rdacarrier
=340  \\$m4to$0http://rdaregistry.info/termList/bookFormat/1002
=510  4\$aWing (2nd ed.)$cE3548
=510  4\$aWing$cE3548
=520  \\$aCollection of proposals for the reorganization of shipbuilding for efficiency and economy for the British Navy during King William's War, also known as the Nine Years' War and the Second Indian War (1688-1697).
=650  \0$aNavy-yards and naval stations$zGreat Britain$xEarly works to 1800.
=610  10$aGreat Britain.$bRoyal Navy$xAppropriations and expenditures.
=650  \0$aWages$xShipbuilding industry$zEngland$vEarly works to 1800.
=650  \0$aShipwrights$zEngland$vEarly works to 1800.
=926  \\$aMARS
=945  \\$aORD$b2000-08-21
=967  \\$ascs20170325
=968  \\$aRDA ENRICHED
=997  \\$a30110227
=998  \\$aLDR:01715nam#a22004095a#4500
=998  \\$b008:940309s1694####enk###########000#0#eng##
=999  99$aATC5575$bUL

