=LDR  02224cam a2200505 a 4500
=001  9915637020001701
=005  20170328060939.0
=008  830502m17811796ru\abf\\\\\\\\000\0\ger\d
=035  \\$a(Aleph)006382843UMN01
=035  \\$aMB6880
=035  \\$a(OCoLC)9470789
=040  \\$aSMI$edcrmb$beng$cSMI$dOCL$dOCLCG$dHDC$dMnU
=043  \\$aa------$ae-ur---
=049  \\$aMNUA
=050  \4$aQ157$b.P16 1781
=082  04$a910.4$bP177
=099  \9$a1781 Pa
=100  1\$aPallas, Peter Simon,$d1741-1811$eeditor.
=245  10$aNeue nordische Beyträge zur physikalischen und geographischen Erd- und Völkerbeschreibung, Naturgeschichte und Oekonomie.
=246  18$aNordische Beyträge.
=260  \\$aSt. Petersburg :$aLeipzig :$bBey Johann Zacharias Logan,$c1781-1796.
=300  \\$a7 volumes , 24 unnumbered leaves of plates (23 folded) :$billustrations (many color), maps (many color) ;$c21 cm (8vo)
=336  \\$atext$btxt$2rdacontent
=337  \\$aunmediated$bn$2rdamedia
=338  \\$avolume$bnc$2rdacarrier
=340  \\$m8vo$0http://rdaregistry.info/termList/bookFormat/1003
=500  \\$a"Vorrede" signed: P.S. Pallas.
=500  \\$aFraktur.
=500  \\$aTitle-page vignettes, head- and tail-pieces, and initials.
=500  \\$aVolumes 5-7 have additional title: Neueste nordische Beyträge, also numbered Band 1-3.
=650  \0$aScience$vEarly works to 1800.
=650  \0$aVoyages and travels$vEarly works to 1800.
=650  \0$aNatural history$vPre-Linnean works.
=650  \0$aNatural history$zAsia.
=651  \0$aAsia$xDiscovery and exploration.
=651  \0$aRussia$xDescription and travel$vEarly works to 1800.
=700  3\$aHolstein-Holsteinborg,$eformer owner.$5MnU
=740  02$aNeueste nordische Beyträge.
=776  08$iOnline version:$aPallas, Peter Simon, 1741-1811.$tNeue nordische Beyträge zur physikalischen und geographischen Erd- und Völkerbeschreibung, Naturgeschichte und Oekonomie ..$dSt. Petersburg, Leipzig, bey Johann Zacharias Logan, 1781-1796$w(OCoLC)656619636
=926  \\$aMARS
=967  \\$ascs20170325
=968  \\$aRDA ENRICHED
=997  \\$a9470789
=998  \\$aLDR:02168cam#a2200481#a#4500
=998  \\$b008:830502m17811796ru#abf########000#0#ger#d

