=LDR  02355nam a2200529 a 4500
=001  9915695970001701
=005  20170328061226.0
=008  840920s1581\\\\gw\a\\\\\\\\\\000\0\lat\\
=010  \\$a   83462306 
=035  \\$a(Aleph)001125326UMN01
=035  \\$a(MnU)notisANT0842
=035  \\$aBELLTRANSFER0268
=035  \\$a(OCoLC)11290479
=040  \\$aDLC$cDLC
=049  \\$aMNUA
=050  00$aQB361$b.P48 1581
=082  00$a521/.54$219
=100  1\$aPeurbach, Georg von,$d1423-1461.
=240  10$aTheoricae novae planetarum
=245  10$aTheoricae nouae planetarum Georgij Purbachij ... Francisci Maurolyci Computus ecclesiasticus, siue, De ratione anni. Henrici Glareani, Heluetii, De geographia, vel, Rudimentorum mathematicorum liber vnus.
=260  \\$aColoniae Agrippinae :$bApud haeredes Arnoldi Birckmanni,$c1581.
=300  \\$a16 unnumbered pages, 256 pages :$billustrations ;$c17 cm (8vo)
=336  \\$atext$btxt$2rdacontent
=337  \\$aunmediated$bn$2rdamedia
=338  \\$avolume$bnc$2rdacarrier
=340  \\$m8vo$0http://rdaregistry.info/termList/bookFormat/1003
=500  \\$a"Omnia recognita ac nouis figuris illustrata."
=500  \\$aColophon: Coloniae Agrippinae : Typis Godefridi Kempensis.
=500  \\$aSignatures: A-R□.
=500  \\$aPreface by Albertus Hero.
=500  \\$aWith folded slip at page 141 and folded leaf at page 196, both containing tabular text.
=501  \\$aWith: Ethicorum Aristotelis Stagiritae ad Nicomachum libri decem / Ioanne Argyropilo ... interprete. Coloniae Agrippinae : Apud haeredes Arnoldi Birckmanni, 1579 -- Ioannis de Sacrobusco Libellus de anni ratione ... Antuerpiae : Apud Ioannem Richardum, 1566. Bound together subsequent to publication.
=650  \0$aPlanetary theory$xEarly works to 1800.
=700  12$aMaurolico, Francesco,$d1494-1575.$tComputus ecclesiasticus.$f1581.
=700  12$aGlareanus, Henricus,$d1488-1563.$tDe geographia liber unus.
=740  0\$aTheoricae nouae planetarum.
=740  0\$aTheoricae novae planetarum.
=740  0\$aComputus ecclesiasticus.
=740  0\$aDe geographia.
=926  \\$aMARS
=945  \\$aCAT$b1994-02-03$nbao2
=967  \\$ascs20170325
=968  \\$aRDA ENRICHED
=997  \\$a11290479
=998  \\$aLDR:02262nam#a2200505#a#4500
=998  \\$b008:840920s1581####gw#a##########000#0#lat##
=999  99$aANT0842$bUL

