=LDR  02136cam a2200469 a 4500
=001  9916000130001701
=005  20170328062727.0
=008  750722s1785\\\\fr\\\\\\\\\\\\000\0\fre\c
=010  \\$af  01002014 
=035  \\$a(Aleph)006684081UMN01
=035  \\$aMB1147
=035  \\$a(OCoLC)1464449
=040  \\$aFUG$beng$edcrmb$cFUG$dB2Q$dOCLCQ$dAMAZN$dMNU
=043  \\$ae-fr---
=049  \\$aMNUA
=050  00$aDC801.D56$bD4
=099  \9$a1785 De
=100  1\$aDesmarquets, Jean-Antoine-Samson.
=245  10$aMémoires chronologiques pour servir à l'histoire de Dieppe, et à celle de la navigation françoise :$bavec un recueil abrégé des privileges de cette ville.
=260  \\$aA Paris :$bChez Desauges, Libraire, rue St Louis du Palais :$aA Rouen :$bChez Racine, Libraire, rue Ganterie :$aA Dieppe :$bChez Dubuc, Imprameur du Roi,$cMDCCLXXXV [1785]
=300  \\$a2 volumes (8 unnumbered pages, 480 pages; 4 unnumbered pages, 309 pages, 1 unnumbered page) ;$c18 cm (12mo)
=336  \\$atext$btxt$2rdacontent
=337  \\$aunmediated$bn$2rdamedia
=338  \\$avolume$bnc$2rdacarrier
=340  \\$m12mo$0http://rdaregistry.info/termList/bookFormat/1004
=500  \\$aSignatures: volume 1: pi⁴ A-V¹²; volume 2: pi² A-N¹². In volume 2, N12 is pastedown.
=500  \\$aIn volume 1: page 479 is misnumbered 379; A5 is missigned A4; O4 is missigned Q4.
=500  \\$aVolume 2 has half title.
=500  \\$a"The author was a M. Desmarquet."--Sabin.
=510  4\$aSabin$c47541
=530  \\$aAlso issued online.
=650  \0$aShipping$zFrance$xHistory.
=650  \6$aTransports maritimes$zFrance$xHistoire.
=651  \0$aDieppe (France)$xHistory.
=651  \6$aDieppe (France)$xHistoire.
=776  08$iOnline version:$aDesmarquets, Jean-Antoine-Samson.$tMémoires chronologiques pour servir à l'histoire de Dieppe, et à celle de la navigation françoise.$dParis, Desauges; [etc.] 1785$w(OCoLC)564383339
=926  \\$aMARS
=967  \\$ascs20170325
=968  \\$aRDA ENRICHED
=997  \\$a1464449
=998  \\$aLDR:02102cam#a2200445#a#4500
=998  \\$b008:750722s1785####fr############000#0#fre#c

