=LDR  01880nam a2200469 a 4500
=001  9952947940001701
=005  20170404021535.0
=008  120829s1781\\\\gw\bf\\\\\\\\\000\0\ger\d
=035  \\$a(Aleph)006371019UMN01
=035  \\$aMB5048
=035  \\$a(OCoLC)808642914
=040  \\$aMNU$beng$edcrmb$cMNU
=041  0\$ager$adut
=043  \\$aa-io---
=045  \\$av8v8
=050  \4$aDS646.1
=099  \9$a1781 Es
=100  1\$aEschelskroon, Adolph,$d1736-1793.
=245  10$aBeschreibung der Insel Sumatra :$bbesonders in Ansehung des Handels, und der dahin gehörigen Merkwürdigkeiten /$cNebst einer neuen Original-Charte von Adolph Eschels-Kroon ... ; herausgegeben mit einer Vorrede von Gottlob Benedict von Schirach.
=260  \\$aHamburg :$bBey Carl Ernst Bohn,$c1781.
=300  \\$axxxii, 96 pages, 1 unnumbered leaf of folded plates :$bmap ;$c20 cm (8vo)
=336  \\$atext$btxt$2rdacontent
=337  \\$aunmediated$bn$2rdamedia
=338  \\$avolume$bnc$2rdacarrier
=340  \\$m8vo$0http://rdaregistry.info/termList/bookFormat/1003
=500  \\$aSignatures: [star]-2[star]⁸ A-F⁸
=500  \\$aFraktur.
=500  \\$aMap: Neue Karte von der Insel Sumatra, 47 x 56 cm. Relief shown pictorially and by hachures.
=546  \\$aGeographic names on map are in Dutch.
=651  \0$aSumatra (Indonesia)$xDescription and travel$vEarly works to 1800.
=651  \0$aSumatra (Indonesia)$xCommerce$vEarly works to 1800.
=651  \0$aSumatra (Indonesia)$xMaps$vEarly works to 1800.
=700  1\$aSchirach, Gottlob Benedict von,$d1743-1804.
=700  1\$aBohn, Carl Ernst,$epublisher.
=740  02$aNeue Karte von der Insel Sumatra.
=926  \\$aMARS
=967  \\$ascs20170325
=968  \\$aRDA ENRICHED
=997  \\$a808642914
=998  \\$aLDR:01808nam#a2200445#a#4500
=998  \\$b008:120829s1781####gw#bf#########000#0#ger#d
=SID  \\$aZ39$bOCLC

