=LDR  02324aam a2200457 a 4500
=001  9950191970001701
=005  20170403061219.0
=008  841129m17781780gw\abf\\\b\\\\000\0\ger\d
=035  \\$a(Aleph)006266866UMN01
=035  \\$aMB 2925
=035  \\$a(OCoLC)215216457
=040  \\$aAU@$beng$cAU@$dMnU
=041  1\$ager$heng
=043  \\$apo-----
=099  \9$a1778 Fo
=100  1\$aForster, Georg,$d1754-1794.
=240  10$aVoyage round the world in His Britannic Majesty's sloop, Resolution.$lGerman
=245  10$aJohann Reinhold Forster's ... Reise um die Welt während den Jahren 1772 bis 1775, in dem von Seiner itztregierenden Grossbrittannischen Majestat auf Entdeckungen ausgeschickten und durch den Capitain Cook geführten Schiffe the Resolution unternommen /$cbeschrieben und herausgegeben von dessen Sohn und Reisegefährten George Forster ... ; vom Verfasser selbst aus dem Englishcen übersetzt, mit dem Wesentlichsten aus des Capitain Cooks Tagebüchern und andern Zusätzen für den deutschen Leser vermehrt und durch Kupfer erläutert.
=260  \\$aBerlin :$bBey Haude und Spener,$c1778-1780.
=300  \\$a2 volumes (34 unnumbered pages, 451 pages, VIII leaves of plates (1 folded); 4 unnumbered pages, 467 pages, 3 unnumbered pages, plates IX-XII) :$billustrations, map ;$c27 cm (4to)
=336  \\$atext$btxt$2rdacontent
=337  \\$aunmediated$bn$2rdamedia
=338  \\$avolume$bnc$2rdacarrier
=340  \\$m4to$0http://rdaregistry.info/termList/bookFormat/1002
=500  \\$aTranslation of: A voyage round the world in His Britannic Majesty's sloop, Resolution, commanded by Capt. James Cook, during the years 1772, 3, 4, and 5.
=500  \\$aErrata: page following title page, volume 2.
=504  \\$aIncludes bibliographical references.
=510  4\$aSabin$c25131
=510  4\$aBeddie, M.K. Cook (2nd ed.),$c1250
=600  10$aCook, James,$d1728-1779
=610  20$aResolution (Ship)
=650  \0$aVoyages around the world$vEarly works to 1800.
=651  \0$aOceania$xDiscovery and exploration.
=700  1\$aForster, Johann Reinhold,$d1729-1798.
=926  \\$aMARS
=967  \\$ascs20170325
=968  \\$aRDA ENRICHED
=997  \\$a215216457
=998  \\$aLDR:02275aam#a2200433#a#4500
=998  \\$b008:841129m17781780gw#abf###b####000#0#ger#d
=SID  \\$aZ39$bOCLC

