=LDR  01420nam a2200337 a 4500
=001  9950581170001701
=005  20170403062942.0
=008  110211s1770\\\\fr\bf\\\\\\\\\000\0\fre\d
=035  \\$a(Aleph)005976541UMN01
=035  \\$aMB4906
=035  \\$a(OCoLC)11196718
=040  \\$aMnU$cMnU$edcrmb
=050  \4$aDS411.5$b.G74 1770
=099  \9$a1770 Gr
=100  1\$aGrenier, Jacques-Raymond,$cvicomte de,$d1736-1803.
=245  10$aMémoires de la campagne de découvertes dans les mers des Indes /$cpar Mr CHer Grenier, en seigne de Vaisseau & de l'Académie Royale de Marine ; ou il propose une route que abrège de 800 lieues la traversée de l'Isle-de-France à la côte de Coromandel & en Chine.
=260  \\$aA Brest :$bChez R. Malassis,$cMDCCLXX [1770]
=300  \\$a4 unnumbered pages, 36 pages, 1 unnumbered leaf of plates (folded) :$bmap ;$c27 cm (4to)
=336  \\$atext$btxt$2rdacontent
=337  \\$aunmediated$bn$2rdamedia
=338  \\$avolume$bnc$2rdacarrier
=340  \\$m4to$0http://rdaregistry.info/termList/bookFormat/1002
=651  \0$aIndian Ocean$xDiscovery and exploration$vEarly works to 1800.
=700  1\$aMalassis, R.,$eprinter.
=710  2\$aCarberry Tower Library,$eformer owner.$5MnU
=926  \\$aMARS
=967  \\$ascs20170325
=968  \\$aRDA ENRICHED
=997  \\$a11196718
=998  \\$aLDR:01364nam#a2200313#a#4500
=998  \\$b008:110211s1770####fr#bf#########000#0#fre#d

