=LDR  01719cam a2200469 a 4500
=001  9950590420001701
=005  20170403062839.0
=008  950418q17431761enk\\\\\\\\\\\001\0\eng\d
=035  \\$a(Aleph)005978286UMN01
=035  \\$aMB124
=035  \\$a(OCoLC)145433322
=040  \\$aBOS$edcrb$beng$cRIBRL$dKRTAS$dOCLCQ$dMnU
=043  \\$an------$anw-----
=050  \4$aE111
=099  \9$a1770 Hi
=245  04$aThe history of the voyages of Christopher Columbus, in order to discover America and the West-Indies.
=260  \\$aLondon :$bPrinted for M. Cooper, in Pater-Noster-Row,$c[1743-1761?]
=300  \\$a2 unnumbered pages, 172 [i.e. 171, 1] page ;$c18 cm (12mo)
=336  \\$atext$btxt$2rdacontent
=337  \\$aunmediated$bn$2rdamedia
=338  \\$avolume$bnc$2rdacarrier
=340  \\$m12mo$0http://rdaregistry.info/termList/bookFormat/1004
=500  \\$aM. Cooper was publishing between 1743 and 1761 in London. Cf. Plomer.
=500  \\$aSignatures: pi1 A-O⁶ P² (P2 verso blank).
=500  \\$aPage 171 misnumbered 172.
=500  \\$aIncludes index.
=510  4\$aPlomer, H.R. Dict. of printers ... 1726-1775,$cp. 60-61
=600  14$aColumbus, Christopher.
=650  \0$aVoyages and travels
=651  \0$aAmerica$xDiscovery and exploration$vEarly works to 1800.
=653  \\$aImprint 1743
=653  \\$aImprint 1761
=700  1\$aCooper, Mary,$d-1761,$epublisher.
=700  1\$aEustis, William Henry,$d1845-1928,$eformer owner.$5MnU
=752  \\$aEngland$dLondon.
=926  \\$aMARS
=967  \\$ascs20170325
=968  \\$aRDA ENRICHED
=997  \\$a145433322
=998  \\$aLDR:01633cam#a2200445#a#4500
=998  \\$b008:950418q17431761enk###########001#0#eng#d
=SID  \\$aZ39$bOCLC

