=LDR  01627cam a2200373 a 4500
=001  9950600850001701
=005  20170403063003.0
=008  930126s1770\\\\ne\af\\\\\\\\\000\0\dut\\
=010  \\$a   05038993 
=035  \\$a(Aleph)005978329UMN01
=035  \\$aMB2781
=035  \\$a(OCoLC)27317764
=040  \\$aDLC$cYAM$dOCLCQ$dMnU
=041  1\$adut$hger
=050  00$aG740$b.J2
=099  \9$a1770 Ja
=100  1\$aJanssen, Jacob.
=245  10$aVerhaal der merkwaardige reize van den kommandeur Jakob Jansen, met het schip de Vrouw Maria Elisabeth, den zevenden april des jaars 1769 :$bvan Hamburg naar Groenland ter walvischvangst uitgezeild : tot den twintigsten November in het Ys bezet geweest : den een en twintigsten dier Maand daaruit geraakt : en den dertienden December deszelfden Jaars gelukkig weder te Hamburg aangekomen /$cUit het Hoogduitsch vertaald ; en voorzien met eene koperen Plaat, verbeeldende vier Schepen, in bet Ys bezet.
=260  \\$aTe Haarlem :$bGedrukt by Johannes Enschede, Stads-Drukkcr,$c1770.
=300  \\$a24 pages, 1 leaf of plates :$billustrations ;$c19 x15 cm (4to)
=336  \\$atext$btxt$2rdacontent
=337  \\$aunmediated$bn$2rdamedia
=338  \\$avolume$bnc$2rdacarrier
=340  \\$m4to$0http://rdaregistry.info/termList/bookFormat/1002
=610  20$aVrouw Maria Elisabeth (Ship)
=650  \0$aWhaling.
=710  2\$aJoh. Enschedé en Zonen$epublisher.
=926  \\$aMARS
=967  \\$ascs20170325
=968  \\$aRDA ENRICHED
=997  \\$a27317764
=998  \\$aLDR:01536cam#a2200349#a#4500
=998  \\$b008:930126s1770####ne#af#########000#0#dut##
=SID  \\$aZ39$bOCLC

