=LDR  02126aam a2200409 a 4500
=001  9936070690001701
=005  20170401045922.0
=008  980728s1780\\\\fr\\\\\\\\\\\\000\0\fre\d
=035  \\$a(Aleph)006355044UMN01
=035  \\$aMB1664
=035  \\$a(OCoLC)651072953
=040  \\$aEYM$edcrmb$cLOA$dMnU
=043  \\$aa-ja---
=099  \9$a1780 Le
=100  1\$aLejeune, P. C,$q(Pierre Claude,),$d1733-1805.
=245  10$aObservations critiques et philosophiques, sur le Japon, et sur les Japonnais.
=246  17$aObservations sur le Japon
=260  \\$aA Amsterdam et se trouve a Paris :$bChez Knapen & Fils, Lib.-Imp. de la Cour des Aydes, au bas du Pont S. Michel,$cMDCCLXXX [1780]
=300  \\$axx, 266 pages, 2 unnumbered pages ;$c17 cm (12mo)
=336  \\$atext$btxt$2rdacontent
=337  \\$aunmediated$bn$2rdamedia
=338  \\$avolume$bnc$2rdacarrier
=340  \\$m12mo$0http://rdaregistry.info/termList/bookFormat/1004
=500  \\$aAttributed to Lejeune by NUC pre-1956.
=500  \\$aSignatures: a¹² (-a11-12) A-L¹² M²
=505  0\$aDe la nature du gouvernement japonnais - De la puissance & des richesses de l'empereur & de l'empire - Des productions de Japon - De l'agriculture & du commerce du Japon - Des habillements, du mariage, & de l'education chez les japonnais - Divers usages des japonnais - Des plaisirs des japonnais - Des vertus des japonnais - Des vices des japonnais - De la religion des japonnais - Observations particulières fur les Dieux du Japon - Du dairo, ou souverain pontife des japonnais & de sa cour - De quelques traits de ressemblance qui se trouvent entre les japonnais & les anglais - Notes de l'ouvrage.
=510  4\$aNUC pre-1956$cNL0235601
=651  \0$aJapan$xDescription and travel$vEarly works to 1800.
=651  \0$aJapan$xSocial life and customs$y18th century.
=700  1\$aKnapen, Achille-Maximin-Philogone,$d1759-1800?,$eprinter.
=926  \\$aMARS
=967  \\$ascs20170325
=968  \\$aRDA ENRICHED
=997  \\$a651072953
=998  \\$aLDR:02033aam#a2200385#a#4500
=998  \\$b008:980728s1780####fr############000#0#fre#d
=999  \\$aZ39$bOCLC

