=LDR  02393cam a2200577 i 4500
=001  9916547600001701
=005  20170329001436.0
=008  791107e179708\\pauaf\\\\\\\\\000\0\eng\\
=010  \\$a05012862
=035  \\$a(Aleph)002855105UMN01
=035  \\$aMB20053
=035  \\$a(OCoLC)5662099
=040  \\$aDLC$beng$erda$edcrmb$cDLC$dOCLCQ$dOCLCG$dOCLCA$dKRTAS$dOCLCO$dOCLCF$dOCLCQ$dMNU
=043  \\$af-ae---
=050  00$aDT284$b.S8 1797
=099  \\$a1797 Stev
=100  1\$aStevens, James Wilson,$eauthor.
=245  13$aAn historical and geographical account of Algiers :$bcomprehending a novel and interesting detail of events relative to the American captives /$cby James Wilson Stevens.
=246  18$aStevens' Algiers$5MnU
=246  18$aHistory of Algiers$5MnU
=264  \0$aPhiladelphia :$bPrinted by Hogan & M'Elroy, George-Street, third door below South-Street,$cAugust, 1797.
=300  \\$axi, [2], 14-304, [8] pages, [1] folded leaf of plates :$billustration ;$c17 cm (12mo)
=336  \\$atext$btxt$2rdacontent
=337  \\$aunmediated$bn$2rdamedia
=338  \\$avolume$bnc$2rdacarrier
=340  \\$m12mo$0http://rdaregistry.info/termList/bookFormat/1004
=500  \\$aDedicated to Joel Barlow, Esq.
=500  \\$aSignatures: [A]⁶ B-2C⁶.
=500  \\$aErrata: page [xii].
=500  \\$a"Subscriber's [sic] names": pages [1-6] at end.
=500  \\$aAdvertisements: pages [7-8] at end.
=510  4\$aEvans, C. American bibliography$c32877
=510  4\$aSabin, J. Dictionary of books relating to America from its discovery to the present time$c91534
=510  4\$aEnglish short title catalogue$cW12692
=651  \0$aAlgeria$xHistory.
=651  \0$aAlgeria$xDescription and travel$vEarly works to 1800.
=651  \7$aAlgeria$2fast$0(OCoLC)fst01205459
=650  \7$aTravel.$2fast$0(OCoLC)fst01155558
=655  \7$aEarly works.$2fast$0(OCoLC)fst01411636
=655  \7$aHistory.$2fast$0(OCoLC)fst01411628
=700  1\$aBarlow, Joel,$d1754-1812,$ededicatee.
=710  2\$aHogan & M'Elroy,$eprinter.
=700  1\$aCollins, Isaac,$cJr.,$d1787-1863$eformer owner.$5MnU
=710  2\$aDickinson College.$bLibrary,$eformer owner.$5MnU
=926  \\$aMARS
=967  \\$ascs20170325
=968  \\$aRDA ENRICHED
=991  \\$anodedup
=997  \\$a5662099
=998  \\$aLDR:02300cam#a2200553#i#4500
=998  \\$b008:791107e179708##pauaf#########000#0#eng##

