=LDR  01510cam a2200421 a 4500
=001  9916673740001701
=005  20170329002517.0
=008  810213s1775\\\\enk\\\\\\\\\\\000\0\eng\\
=010  \\$a   08022362 
=035  \\$a(Aleph)006052615UMN01
=035  \\$aMB5682
=035  \\$a(OCoLC)4413721
=040  \\$aDLC$edcrb$cDLC$dAFU$dB2Q$dOCLCQ$dOCLCG$dKRTAS$dMnU
=043  \\$an-us---
=050  00$aE211$b.D14 1775
=099  \9$a1775 Da
=100  1\$aDalrymple, John,$cSir,$d1726-1810.
=245  14$aThe address of the people of Great-Britain to the inhabitants of America.
=246  1\$iHalf title:$aAddress to the inhabitants of America
=260  \\$aLondon :$bPrinted for T. Cadell in the Strand,$cMDCCLXXV [1775]
=300  \\$a2 unnumbered leaves, 60 pages ;$c21 cm (8vo)
=336  \\$atext$btxt$2rdacontent
=337  \\$aunmediated$bn$2rdamedia
=338  \\$avolume$bnc$2rdacarrier
=340  \\$m8vo$0http://rdaregistry.info/termList/bookFormat/1003
=500  \\$aPublished anonymously. Written by John Dalrymple. Cf. Halkett & Laing.
=500  \\$aSignatures: [A]² B-H⁴ I².
=510  4\$aSabin$c18346
=651  \0$aUnited States$xPolitics and government$y1775-1783.
=700  1\$aCadell, T.$q(Thomas),$d1742-1802,$eprinter.
=700  0\$aJ. F. M.,$eformer owner.$5MnU
=926  \\$aMARS
=967  \\$ascs20170325
=968  \\$aRDA ENRICHED
=997  \\$a4413721
=998  \\$aLDR:01417cam#a2200397#a#4500
=998  \\$b008:810213s1775####enk###########000#0#eng##
=999  \\$aZ39$bOCLC

