=LDR  01438nam a2200397 a 4500
=001  9916700690001701
=005  20170329002829.0
=008  110629s1775\\\\fr\\\\\\\\\\\\000\0\fre\d
=035  \\$a(Aleph)006052617UMN01
=035  \\$aMB2486
=035  \\$a(OCoLC)23456813
=040  \\$aMnU$edcrmb$cMnU
=043  \\$ae-po---
=050  \4$aDP538$b.D78 1775
=099  \9$a1775 Du
=100  1\$aDumouriez, Charles François Du Périer,$d1739-1823.
=245  10$aÉtat présent du royaume de Portugal, en l'année MDCCLXVI.
=260  \\$aA Lausanne :$bChez François Grasset & comp.,$cMDCCLXXV [1775]
=300  \\$axvi, 304 pages ;$c17 cm (12mo)
=336  \\$atext$btxt$2rdacontent
=337  \\$aunmediated$bn$2rdamedia
=338  \\$avolume$bnc$2rdacarrier
=340  \\$m12mo$0http://rdaregistry.info/termList/bookFormat/1004
=500  \\$aAttributed to C.F. Du Périer Dumouriez--Cf. NUC Pre-56.
=500  \\$aSignatures: [dagger]⁶ [star]² A-M¹² N⁸.
=500  \\$aHalf title.
=651  \0$aPortugal$xCommerce$y18th century.
=651  \0$aBrazil$xDescription and travel$y18th century.
=710  2\$aFrançois Grasset et comp.,$epublisher.
=710  2\$aFürstlich-Starhemberg'sche Familien Bibliothek,$eformer owner.$5MnU
=926  \\$aMARS
=967  \\$ascs20170325
=968  \\$aRDA ENRICHED
=997  \\$a23456813
=998  \\$aLDR:01403nam#a2200373#a#4500
=998  \\$b008:110629s1775####fr############000#0#fre#d

