=LDR  01903cam a2200469 a 4500
=001  9952222120001701
=005  20170404013914.0
=008  950425s1783\\\\enk\\\\\\\\\\\000\0\eng\\
=010  \\$a   94842271 
=035  \\$a(Aleph)006555675UMN01
=035  \\$aMB2648
=035  \\$a(OCoLC)32470234
=040  \\$aDLC$edcrmb$beng$cDLC$dOCL$dOCLCQ$dOCLCG$dOCLCO$dMNU
=043  \\$aa-ii---$ae-uk---
=049  \\$aMNUA
=050  00$aAC901$b.M5 vol. 677, no. 3
=099  \9$a1783 Pr
=100  1\$aPrice, Joseph,$dapproximately 1749-
=245  12$aA short commercial and political letter from Mr. Joseph Price to the Right Honourable Charles James Fox, one of His Majesty's principal secretaries of state :$bon the subject of his Asiatic bills now pending in Parliament.
=260  \\$aLondon :$bPrinted for J. Stockdale, opposite Burlington-House, Piccadilly,$cMDCCLXXXIII [1783]
=300  \\$a41 pages, 1 unnumbered page ;$c22 cm (8vo)
=336  \\$atext$btxt$2rdacontent
=337  \\$aunmediated$bn$2rdamedia
=338  \\$avolume$bnc$2rdacarrier
=340  \\$m8vo$0http://rdaregistry.info/termList/bookFormat/1003
=500  \\$aSignatures: B-F⁴ [G]1.
=510  4\$aESTC$cT85743.
=610  20$aEast India Company
=650  \0$aOpium trade$zIndia$zBengal$vEarly works to 1800.
=651  \0$aGreat Britain$xCommercial policy$vEarly works to 1800.
=651  \0$aBengal (India)$xCommerce$vEarly works to 1800.
=700  1\$aFox, Charles James,$d1749-1806,$erecipient.
=700  1\$aStockdale, J.,$q(John),$ebookseller.
=700  1\$aAmmann, August F.,$eformer owner.$5MnU
=710  2\$aMiscellaneous Pamphlet Collection (Library of Congress)$5DLC
=752  \\$aGreat Britain$bEngland$dLondon.
=926  \\$aMARS
=967  \\$ascs20170325
=968  \\$aRDA ENRICHED
=997  \\$a32470234
=998  \\$aLDR:01811cam#a2200445#a#4500
=998  \\$b008:950425s1783####enk###########000#0#eng##

