=LDR  02947cam a2200517 a 4500
=001  9952227110001701
=005  20170404013923.0
=008  860129s1784\\\\enk\\\\\\\\\\\000\0\fre\\
=010  \\$a   18011685 
=035  \\$a(Aleph)006555311UMN01
=035  \\$aMB125
=035  \\$a(OCoLC)13077409
=040  \\$aDLC$cVTU$dVTU$dOCLCQ$dMUQ$dOCLCQ$dOCLCG$dLGG$dMnU
=043  \\$an-cn---
=050  04$aF1032$b.D79
=099  \9$a1784 Du
=100  1\$aDu Calvet, Pierre,$d1735-1786.
=240  10$aAppel à la justice de l'Etat
=245  10$aAppel à la justice de l'Etat, ou, Recueil de lettres au roi, au prince de Galles, et aux ministres :$bavec une lettre à Messieurs les Candiens, oú sont fidélement exposés les actes horribles de la violence arbitraire qui a régné dans la colonie, durant les derniers troubles, & les vrais sentimens du Canada sur le Bill de Quebec, & sur la forme de gouvernement la plus propre à y faire renaître la paix & le bonheur public : une lettre au Général Haldimand lui-même : en fin une dernière lettre à Milord Sidney, où on lit un précis des nouvelles du 4 & 10 de mai dernier, sur ce qui s'est passé en avril dans le Conseil législatif de Québec, avec les protêts de six conseillers, le Lieutenant Gouverneur Henri Hamilton à leur tête, contre la nouvelle inquisition d'Etat établie par le Gouverneur & son parti /$cpar Pierre Du Calvet.
=246  1\$iAlternative title:$aRecueil de lettres au roi.
=260  \\$aImprimé à Londres :$b[publisher not identified],$cDans les mois de Juin & Juillet de l'année 1784.
=300  \\$av (i.e. xiv), 320, viii pages ;$c22 cm (8vo)
=336  \\$atext$btxt$2rdacontent
=337  \\$aunmediated$bn$2rdamedia
=338  \\$avolume$bnc$2rdacarrier
=340  \\$m8vo$0http://rdaregistry.info/termList/bookFormat/1003
=500  \\$aPage xiv wrongly numbered v.
=500  \\$aSignatures: [A]² a⁴ b⁴ B-2S⁴ [2T]⁴
=500  \\$a"Avec une table, & un errata à la fin."--Title page.
=500  \\$aDu Calvet was arrested in Canada in 1780 on suspicion of disloyalty and held in prison until 1783. Another statement of his case, containing different material, was published in English, London, 1784, with title: The case of Peter Du Calvet, esq.
=510  4\$aESTC$cN16631
=510  4\$aSabin$c21044
=600  10$aHaldimand, Frederick,$cSir,$d1718-1791.
=600  16$aHaldimand,$cSir Frederick,$d1718-1791.
=610  16$aQuébec (Province).$tActe de Québec.
=610  10$aQuébec (Province).$tQuebec Act.
=651  \0$aCanada$xPolitics and government$y1775-1783.
=651  \6$aCanada$xPolitique et gouvernement$y1763-1791.
=710  2\$aUgbrooke Library,$eformer owner.$5MnU
=926  \\$aMARS
=967  \\$ascs20170325
=968  \\$aRDA ENRICHED
=997  \\$a13077409
=998  \\$aLDR:03055cam#a2200493#a#4500
=998  \\$b008:860129s1784####enk###########000#0#fre##
=SID  \\$aZ39$bOCLC

