=LDR  01329nam a2200349 i 4500
=001  9945850960001701
=005  20170403024203.0
=008  131113s1785\\\\fr\\\\\\\\\\\\000\0\fre\d
=035  \\$a(Aleph)006698238UMN01
=035  \\$aMB2912
=035  \\$a(OCoLC)862949103
=040  \\$aMNU$beng$erda$edcrmb$cMNU
=049  \\$aMNUA
=099  \9$a1785 Gu
=110  1\$aGuyenne (France).$bDirecteurs du commerce.
=245  10$aMemoire des directeurs du commerce de la province de Guienne :$bsur l'arrêt du conseil, du 30 Août 1784, concernant le commerce étranger dans les isles françoises de l'Amérique.
=264  \1$a[France?] :$b[publisher not identified],$c1785.
=300  \\$a51 pages, 1 unnumbered page ;$c27 cm (4to)
=336  \\$atext$btxt$2rdacontent
=337  \\$aunmediated$bn$2rdamedia
=338  \\$avolume$bnc$2rdacarrier
=340  \\$m4to$0http://rdaregistry.info/termList/bookFormat/1002
=500  \\$aTitle page vignette.
=500  \\$aFinal page is blank.
=500  \\$aSignatures: A-F⁴ G².
=500  \\$aLeaf A1 not signed.
=651  \0$aFrance$xCommercial policy$vEarly works to 1800.
=651  \0$aFrance$xColonies$zAmerica$vEarly works to 1800.
=967  \\$ascs20170325
=997  \\$a862949103
=998  \\$aLDR:01266nam#a2200325#i#4500
=998  \\$b008:131113s1785####fr############000#0#fre#d

