=LDR  02076nam a2200445 a 4500
=001  9945892050001701
=005  20170403024158.0
=008  101217s1776\\\\fr\af\\\\\\\\\001\0\fre\d
=035  \\$a(Aleph)005960480UMN01
=035  \\$aMB4032
=035  \\$a(OCoLC)220177876
=040  \\$aMnU$cMnU
=050  \4$aQK5$b.S66 1776
=099  \9$a1776 So
=100  1\$aSonnerat, Pierre,$d1748-1814.
=245  10$aVoyage à la nouvelle Guinée :$bdans lequel on trouve la description des lieux, des observations physiques & morales, & des détails relatifs à l'histoire naturelle dans le regne animal & le regne végétal /$cpar M. Sonnerat. . . ; enrichi de cent vingt figures en taille douce.
=260  \\$aA Paris :$bChez Ruault, Libraire, rue de la Harpe,$cMDCCLXXVI [1776]
=300  \\$axii, [iv], 206 pages, 2 unnumbered pages, 120 leaves of plates (6 folded) :$billustrations ;$c27 cm (4to)
=336  \\$atext$btxt$2rdacontent
=337  \\$aunmediated$bn$2rdamedia
=338  \\$avolume$bnc$2rdacarrier
=340  \\$m4to$0http://rdaregistry.info/termList/bookFormat/1002
=500  \\$aIllustrations by P. Sonnerat; engraving by Therese Martinet, C. Baquoy, and Avril.
=500  \\$aHead- and tailpieces and initials.
=500  \\$aColophone: De l'Imprimerie de Demonville, Imp. Lib. rue S. Severin, 1776.
=504  \\$aIncludes bibliographical references and index.
=650  \0$aNatural history$zNew Guinea$vEarly works to 1800.
=651  \0$aNew Guinea$xDescription and travel$vEarly works to 1800.
=700  1\$aMartinet, Marie-Thérèse,$d1731-$eengraver.
=700  1\$aBaquoy, Jean Charles,$d1721-1777$eengraver.
=700  1\$aAvril, Jean-Jacques,$d1744-1831,$eengraver.
=700  1\$aRuault, Nicolas,$d1742?-1828,$epublisher.
=700  1\$aDemonville, Antoine Guénard,$d-1799,$eprinter.
=700  1\$aDouglas, John,$d1721-1807,$eformer owner.$5MnU
=926  \\$aMARS
=967  \\$ascs20170325
=968  \\$aRDA ENRICHED
=997  \\$a220177876
=998  \\$aLDR:02033nam#a2200421#a#4500
=998  \\$b008:101217s1776####fr#af#########001#0#fre#d

