=LDR  02651nam a2200493 a 4500
=001  9954041660001701
=005  20170404034321.0
=008  110427m17721777gw\bf\\\\\\\\\000\0\ger\d
=035  \\$a(Aleph)006034360UMN01
=035  \\$aMB5023
=035  \\$a(OCoLC)719420136
=040  \\$aMnU$edcrmb$cMnU
=041  1\$ager$hfre
=043  \\$ar------
=050  \4$aG606
=099  \9$a1721 Eng
=100  1\$aEngel, Samuel,$d1702-1784.
=245  10$aGeographische und kritische Nachrichten und Anmerkungen über die Lage der nördlichen Gegenden von Asien und Amerika :$bnach den allerneuesten Reisebeschreibungen, welchen noch ein Versuch über einen Weg durch Norden nach Indien, und über die Errichtung eines sehr ausgebreiteten und einträglichen Handels in die Südsee beygefüget ist, nebst zwo neuen nach diesem Systeme entworfenen Karten /$cHerrn Samuel Engels ; aus dem Französischen übersetzet, von dem Herrn Verfasser selbst sorgfältig und genau durchgesehen, verbessert und mit vielen neuen Zusätzen bereichert, die sich in dem Originale nicht befinden.
=246  1\$iTitle on v. 2 varies slightly: Nachrichten und Anmerkungen über die Lage der nördlichen Gegenden von Asia und Amerika, und dem Versuch eines Wegs durch die Nordsee nach Indien.
=260  \\$aMietau ;$aHasenpoth ;$aLeipzig :$bBey J. F. Hinz,$c1772-1777.
=300  \\$a2 volumes :$bmaps ;$c25 cm (4to)
=336  \\$atext$btxt$2rdacontent
=337  \\$aunmediated$bn$2rdamedia
=338  \\$avolume$bnc$2rdacarrier
=340  \\$m4to$0http://rdaregistry.info/termList/bookFormat/1002
=500  \\$aAuthor's name at head of title.
=500  \\$aPaging: volume 1: xvi, 368 pages, 2 folded leaves of plates; volume 2: [4], 304, [2] pages, 3 folded leaves of plates.
=500  \\$aI.A. Chovin engraver of maps in volume 1; I. Marianus engraver on first plate in volume 2.
=500  \\$aImprint on volume 2: Basel : bey Carl August Serini.
=500  \\$aColophon, volume 1: Leipzig, gedrukt bey Bernhard Christoph Breitkopf und Sohn.
=500  \\$aErrata: volume 2, page [305].
=651  \0$aArctic regions$vEarly works to 1800.
=651  \0$aArctic regions$vMaps.
=700  1\$aChovin, Jacques Antony,$d1720-1776,$eengraver.
=700  1\$aMarianus, Joseph,$d1738-1788,$eengraver.
=700  1\$aHinz, Jacob Friedrich,$epublisher.
=700  1\$aSerini, Carl August,$epublisher.
=700  1\$aBreitkopf, Bernhard Christoph,$d1695-1777,$eprinter.
=926  \\$aMARS
=967  \\$ascs20170325
=968  \\$aRDA ENRICHED
=997  \\$a719420136
=998  \\$aLDR:02633nam#a2200469#a#4500
=998  \\$b008:110427m17721777gw#bf#########000#0#ger#d

