=LDR  01651cam a2200397 a 4500
=001  9954086330001701
=005  20170404034536.0
=008  990727s1782\\\\ne\\\\\\\\\\\\000\0\dut\d
=035  \\$a(Aleph)006399928UMN01
=035  \\$aB1394
=035  \\$a(OCoLC)58768417
=040  \\$aN15$edcrmb$beng$cN15$dMNU
=043  \\$an-us---$ae-ne---
=049  \\$aMNUA
=099  \9$a1782 On
=245  00$aOnpartydig Onderzoek Nopens Het Voordeel en Nadeel, Het welk de Republiek uit de te verklaarëne independentie van Noord-America, Te wachten Heeft, Ter Beantwoording Van Zeekere Memorie Weegens het Commercieele belang enz.
=260  \\$aIn s'Gravenhage :$bBy J.F. Jacobs De Agé, Boekverkooper in de Spuystraat, en verders alöm by de meeste Boekhandelaars te bekoomen,$c1782.
=300  \\$a3 unnumbered pages, 4-30 pages, 2 unnumbered pages ;$c23 cm (8vo)
=336  \\$atext$btxt$2rdacontent
=337  \\$aunmediated$bn$2rdamedia
=338  \\$avolume$bnc$2rdacarrier
=340  \\$m8vo$0http://rdaregistry.info/termList/bookFormat/1003
=500  \\$aErrata: last leaf.
=500  \\$aTitle page vignette, head- and tail-pieces.
=500  \\$aSignatures: pi² (-pi2) A⁸ (-A1) B⁸.
=500  \\$aLeaf A2 is missigned A.
=510  4\$aKnuttel,$c19967
=651  \0$aNetherlands$xCommerce$zUnited States$vEarly works to 1800.
=651  \0$aUnited States$xCommerce$zNetherlands$vEarly works to 1800.
=700  1\$aJacobs De Agé, J.F.,$ebookseller.
=926  \\$aMARS
=967  \\$ascs20170325
=968  \\$aRDA ENRICHED
=997  \\$a58768417
=998  \\$aLDR:01587cam#a2200373#a#4500
=998  \\$b008:990727s1782####ne############000#0#dut#d

