=LDR  02049nam a2200481 a 4500
=001  9960093590001701
=005  20170405071952.0
=008  890601s1772\\\\enk\\\\\\\\\\\000\0\eng\d
=035  \\$a(Aleph)000468097UMN01
=035  \\$a(MnU)notisANM8211
=035  \\$aMB6559
=035  \\$a(OCoLC)29524328
=040  \\$aMdBJ$cMdBJ$dMnU
=043  \\$aa-ii---
=050  \4$aHB151
=099  \9$a1772 Eu
=100  0\$aEumenes.
=245  12$aA plan for the government of Bengal :$band for the protection of the other British settlements in the East Indies: in a letter to the Right Honourable Lord North, First Lord of the Treasury, to which is added, the speech of an East India proprietor, upon the extraordinary commission for regulating the Company's affairs abroad.
=260  \\$aLondon :$bPrinted for J. Almon, opposite Burlington House, in Piccadilly,$c1772.
=300  \\$a42 page ;$c21 cm (8vo)
=336  \\$atext$btxt$2rdacontent
=337  \\$aunmediated$bn$2rdamedia
=338  \\$avolume$bnc$2rdacarrier
=340  \\$m8vo$0http://rdaregistry.info/termList/bookFormat/1003
=500  \\$aSigned "Eumenes" on page 22.
=500  \\$aLord North sponsored the Regulating Act, enacted in 1773, which allowed direct British government supervision of the East India Company.
=510  4\$aESTC$cT011472
=610  20$aEast India Company$xManagement$vEarly works to 1800.
=610  10$aGreat Britain.$tRegulating act (1773)
=650  \0$aBritish$zIndia$y18th century.
=651  \0$aBengal (India)$xPolitics and government$vEarly works to 1800.
=651  \0$aGreat Britain$xColonies$zAsia$xAdministration.
=651  \0$aIndia$xHistory$y18th century.
=651  \0$aIndia$xPolitics and government$y18th century.
=700  1\$aNorth, Frederick,$cLord,$d1732-1792.
=700  1\$aAlmon, John,$d1737-1805,$ebookseller.
=926  \\$aMARS
=967  \\$ascs20170325
=968  \\$aRDA ENRICHED
=997  \\$a29524328
=998  \\$aLDR:01957nam#a2200457#a#4500
=998  \\$b008:890601s1772####enk###########000#0#eng#d
=999  99$aANM8211$bUL

