=LDR  01677nam a2200409 a 4500
=001  9960150240001701
=005  20170406001420.0
=008  910111s1772\\\\enk\\\\\\\\\\\000\0\eng\d
=035  \\$a(Aleph)000468149UMN01
=035  \\$a(MnU)notisANM8490
=035  \\$aMB2052
=035  \\$a(OCoLC)24825638
=040  \\$aMdBJ$edcrmb$cMdBJ$dPU$dMnU
=043  \\$aa-ii---
=050  \4$aHB151
=099  \9$a1772 En
=245  03$aAn Enquiry into the rights of the East-India Company of making war and peace :$band of possessing their territorial acquisitions without the participation or inspection of the British government : in a letter to the proprietors of East-India stock, written in the year 1769 and now first published.
=260  \\$aLondon :$bPrinted for Walter Shropshire in New Bond-street, and Samuel Bladon in Pater-noster Row,$cMDCCLXXII [1772]
=300  \\$avii, 1 unnumbered page, 27 pages, 1 unnumbered page ;$c21 cm (8vo)
=336  \\$atext$btxt$2rdacontent
=337  \\$aunmediated$bn$2rdamedia
=338  \\$avolume$bnc$2rdacarrier
=340  \\$m8vo$0http://rdaregistry.info/termList/bookFormat/1003
=500  \\$aSignatures: A-D⁴ E²
=510  4\$aKress Lib.$c6859.
=510  4\$aGoldsmiths' Lib. cat.$c10885.
=610  20$aEast India Company$vEarly works to 1800.
=651  \0$aIndia$xPolitics and government$y1765-1947.
=700  1\$aShropshire, Walter,$d-1785,$ebookseller.
=700  1\$aBladon, Samuel,$d-1799,$ebookseller.
=926  \\$aMARS
=967  \\$ascs20170325
=968  \\$aRDA ENRICHED
=997  \\$a24825638
=998  \\$aLDR:01590nam#a2200385#a#4500
=998  \\$b008:910111s1772####enk###########000#0#eng#d
=999  99$aANM8490$bUL

