=LDR  01765nam a2200361 a 4500
=001  9936928230001701
=005  20170401060514.0
=008  040527s1776\\\\it\\\\\\\\\\\\000\0\ita\d
=035  \\$a(Aleph)004372250UMN01
=035  \\$a(OCoLC)62696920
=040  \\$aMnU$cMnU$edcrb
=043  \\$ae-it---
=050  \4$aCJ2465$b.S37 1776
=099  \9$a1776 Sa
=100  1\$aSaraceno, Vittorio.
=245  10$aTrattato o sia tariffa di tutte le Monete d'Oro, e d'Argento, secondo il loro valore comunemente corfo dalli 15. Maggioi 1658 sino al presente :$baggiuntovi, alcune notizie riguardanti tanto il nome, e valore delle monete vecchie cavate da' libri antichi, quanto li pesi, e misure, che in oggi si practicano si in Torino, che nel Piemonte : di piu', dodeci tavole, nelle quali si ritrovano li calcoli, e conti belli, e fatti di tutto ciò che posia occorrere sia per gl'Interessi, sconti, e servi di campagna, che circa li detti pesi, e misure /$copera del Regio Notajo, e Liquidatore in Torino Vittorio Saraceno.
=260  \\$aIn Torino :$apresso Ill. Masserano Stampatore,$cMDCCLXXVI [1776]
=300  \\$a140 pages ;$c21 cm (8vo)
=336  \\$atext$btxt$2rdacontent
=337  \\$aunmediated$bn$2rdamedia
=338  \\$avolume$bnc$2rdacarrier
=340  \\$m8vo$0http://rdaregistry.info/termList/bookFormat/1003
=500  \\$aSignatures: [A]⁸ B⁸ C-I⁴ K-P⁴ Q²
=650  \0$aGold coins$zItaly$vEarly works to 1800.
=650  \0$aSilver coins$zItaly$vEarly works to 1800.
=650  \0$aTariff$zItaly$zTurin$xEarly works to 1800.
=752  \\$aItaly$dTurin
=926  \\$aMARS
=967  \\$ascs20170325
=968  \\$aRDA ENRICHED
=997  \\$a62696920
=998  \\$aLDR:01693nam#a2200337#a#4500
=998  \\$b008:040527s1776####it############000#0#ita#d

