=LDR  01554nam a2200397 a 4500
=001  9936937430001701
=005  20170401060059.0
=008  040810s1794\\\\it\\\\\\\\\\\\000\0\ita\d
=035  \\$a(Aleph)004372205UMN01
=035  \\$a(OCoLC)952699490
=040  \\$aMnU$cMnU$edcrb
=043  \\$ae-it---
=050  \4$aHB161$b.G64
=082  04$a330
=082  0\$aG62
=099  \9$a1794 Venice
=110  1\$aVenice (Republic : To 1797)
=245  10$aTariffa generale mercanzia stabilita dagl'illustrissimi, ed eccellentissimi Signori Deputati alla regolazione delle tariffe mercantili di Venezia, e della terra ferma, approvata dall'eccellentissimo Senato, con decreto 20 decembre 1794.
=260  \\$a[Venice] :$bPer li figliuoli del qu: Z. Antonio Pinelli,$cMDCCXCIV [1794]
=300  \\$a71 pages ;$c24 cm (12mo.)
=336  \\$atext$btxt$2rdacontent
=337  \\$aunmediated$bn$2rdamedia
=338  \\$avolume$bnc$2rdacarrier
=340  \\$m12mo$0http://rdaregistry.info/termList/bookFormat/1004
=500  \\$aIncludes: Terminazione circa a i metodi, e discipline generali per l'ingresso delle merci nello stato.
=500  \\$aSignatures: A-C¹²
=501  \\$aBound with: Foglio di regolazioni della nuova tariffa ...
=650  \0$aTariff$xLaw and legislation$zItaly$zVenice.
=650  \0$aTrade regulation$zItaly$zVenice.
=752  \\$aItaly$dVenice
=926  \\$aMARS
=967  \\$ascs20170325
=968  \\$aRDA ENRICHED
=997  \\$a952699490
=998  \\$aLDR:01455nam#a2200373#a#4500
=998  \\$b008:040810s1794####it############000#0#ita#d

