=LDR  01301cam a2200349 a 4500
=001  9936947800001701
=005  20170401060300.0
=008  040527s1816\\\\it\\\\\\\\\\\\000\0\ita\d
=035  \\$a(Aleph)004372134UMN01
=035  \\$a(OCoLC)41540593
=040  \\$aMnU$cMnU$ddcrb
=043  \\$ae-it---$aaw-----
=050  \4$aHF3588.M5$bM6 1816
=099  \9$a1816 Mo
=100  1\$aMorana, Gio. Antonio M.$q(Giovanni Antonio Maria)
=245  10$aSaggio delli commerciali rapporti dei Veneziani colle ottomane scale di Durazzo ed Albania e con quelle d'Aleppo, Siria e Palestina /$cdi Gio. Antonio M. Morana.
=260  \\$aVenezia :$bper Francesco Andreola Stampatore dell'E. Governo,$c1816.
=300  \\$axvi, 125 pages, 3 unnumbered pages ;$c19 cm (8vo)
=336  \\$atext$btxt$2rdacontent
=337  \\$aunmediated$bn$2rdamedia
=338  \\$avolume$bnc$2rdacarrier
=340  \\$m8vo$0http://rdaregistry.info/termList/bookFormat/1003
=500  \\$aSignatures: pi⁸ A-H⁸
=651  \0$aVenice (Italy)$xCommerce$zMiddle East.
=651  \0$aMiddle East$xCommerce$zItaly$zVenice.
=752  \\$aItaly$dVenice
=926  \\$aMARS
=967  \\$ascs20170325
=968  \\$aRDA ENRICHED
=997  \\$a41540593
=998  \\$aLDR:01213cam#a2200325#a#4500
=998  \\$b008:040527s1816####it############000#0#ita#d

