=LDR  01872nam a2200385 i 4500
=001  9924132760001701
=005  20170330044328.0
=008  131209s1785\\\\dk\\\\\\\\\\\\000\0\ger\d
=035  \\$a(Aleph)006712786UMN01
=035  \\$aMB5049
=035  \\$a(OCoLC)864326638
=040  \\$aMNU$beng$erda$edcrmb$cMNU
=049  \\$aMNUA
=099  \9$a1785 fEs
=100  1\$aEschelskroon, Adolph,$d1736-1793,$eauthor.
=245  10$aAllerunterthänigster Bericht an seiner königlichen Hoheit den Prinzen Friderich, Kronprinz zu Dännemark und Norwegen ... :$bwegen die königliche dänische Insuln, die Nicobaren, oder jesst genannte Friderichs-Insuln, gelegen zwischen der Strasse Malacca und dem Golf von Bengalen in Asien, mit Anzeige der Nussbarkeit und Nothwendigkeit, da Bessung zu handhaben, und ein Stapelplaz zum Nussen des dänischen Reichs überhaupt, als des asiatischen Handels ins besonders, auszurichten.
=264  \1$aKopenhagen :$bgedrukt bey Johann Rudolph Thiele,$c[1785]
=300  \\$a6 unnumbered pages, 33 pages, 1 unnumbered page, 9 pages, 1 unnumbered page, 5 pages, 1 unnumbered page, 4, 8 pages ;$c31 cm (folio)
=336  \\$atext$btxt$2rdacontent
=337  \\$aunmediated$bn$2rdamedia
=338  \\$avolume$bnc$2rdacarrier
=340  \\$mfolio$0http://rdaregistry.info/termList/bookFormat/1001
=500  \\$aPreface signed: Kopenhagen, den 15. Febr. 1785, A. Eschels Kroon.
=500  \\$aHead- and tail-pieces.
=500  \\$aSignatures: [1]-17²
=500  \\$aFraktur.
=651  \0$aNicobar Islands (India)$vEarly works to 1800.
=651  \0$aDenmark$xCommerce$vEarly works to 1800.
=700  1\$aThiele, Johan Rudolph,$d1736-1815,$eprinter.
=926  \\$aMARS
=967  \\$ascs20170325
=968  \\$aRDA ENRICHED
=997  \\$a864326638
=998  \\$aLDR:01814nam#a2200361#i#4500
=998  \\$b008:131209s1785####dk############000#0#ger#d

