=LDR  02954cam a2200493 a 4500
=001  9924172130001701
=005  20170330044455.0
=008  031020s1781\\\\ne\\\\\\\b\\\\000\0\fre\d
=035  \\$a(Aleph)006398327UMN01
=035  \\$aMB1667
=035  \\$a(OCoLC)77664239
=040  \\$aMiU-L$edcrmb$beng$cE8W$dOCLCQ$dMNU
=043  \\$ae------
=049  \\$aMNUA
=050  \4$aHF1005
=099  \9$a1781 Ri
=100  1\$aRicard, Samuel.
=245  10$aTraité général du commerce :$bcontenant des observations sur le commerce des principaux états de l'Europe, les productions naturelles, l'industrie de chaque païs, les qualités des principales marchandises qui passent dans l'étranger, leur prix courant & les frais de l'expédition, le fret des navires & les primes d'assurance d'un port européen à l'autre, des observations sur la manière dont se fait le commerce dans différens païs, des détails sur les monnoies, poids et mesures, le cours des changes, les usages reçus en divers lieux relativement à l'acquit des lettres de change, un rapport comparé des monnoies, poids et mesures en douze tables, des règles sur l'arbitrage avec plusieurs tables de combinaison de change, des règles sur différentes opérations de négoce, plusieurs maximes et usages reçus dans les villes de commerce de l'Europe : enfin, les ordonnances et usages établis à Amsterdam, touchant les assurances et le réglement des avaries /$cpar Samuel Ricard.
=250  \\$aEd. entierement refaite d'après un plan nouv. /$brédigée & considérablement augmentée par M. de M**.
=260  \\$aA Amsterdam :$bChez D.J. Changuion,$cMDCCLXXXI [1781]
=300  \\$a2 volumes ;$c25 cm (4to)
=336  \\$atext$btxt$2rdacontent
=337  \\$aunmediated$bn$2rdamedia
=338  \\$avolume$bnc$2rdacarrier
=340  \\$m4to$0http://rdaregistry.info/termList/bookFormat/1002
=500  \\$aPagination: volume 1: vii, [1], 619, [5] pages; volume 2: [4], xvi, 531, [5] pages.
=500  \\$aSignatures: volume 1: *⁴ A-4I⁴; volume 2: pi² *⁴ **⁴ A-3H⁴ 3I-3O² 3P-3Z⁴ 4A-4B².
=500  \\$aTitle in red and black; printer's devices on title page; head- and tail-pieces.
=504  \\$aIncludes bibliographical references.
=650  \0$aCommerce$vEarly works to 1800.
=650  \0$aMoney$vTables$vEarly works to 1800.
=650  \0$aExchange$vEarly works to 1800.
=650  \0$aWeights and measures$vTables$vEarly works to 1800.
=651  \0$aEurope$xCommerce$vEarly works to 1800.
=700  1\$aMarien y Arróspide, Tomás Antonio de.
=700  1\$aO'Shaughnessy, Lillian Gertrude,$ehonouree.$5MnU
=700  1\$aBowman, Frank W.,$cMrs.,$edonor.$5MnU
=700  1\$aDebonne, Justin,$cMadame,$eformer owner.$5MnU
=926  \\$aMARS
=967  \\$ascs20170325
=968  \\$aRDA ENRICHED
=997  \\$a77664239
=998  \\$aLDR:03089cam#a2200469#a#4500
=998  \\$b008:031020s1781####ne#######b####000#0#fre#d

