=LDR  01581cam a2200397 a 4500
=001  9924174770001701
=005  20170330044431.0
=008  850409s1782\\\\sz\\\\\\\\\\\\000\0dfre\d
=035  \\$a(Aleph)006398881UMN01
=035  \\$aMB2590
=035  \\$a(OCoLC)23628758
=040  \\$aEYM$edcrmb$beng$cEYM$dOCLCQ$dGZM$dOCLCG$dMNU
=049  \\$aMNUA
=050  \4$aDC36.98.R28$bA4
=050  \4$aDC36.98.R28$bA4 1782
=099  \9$a1782 Ra
=100  1\$aRaynal,$cabbé$q(Guillaume-Thomas-François),$d1713-1796.
=245  10$aEsprit et génie de M. l'abbé Reynal, tiré de ses ouvrages.
=260  \\$aA Genève :$bChez Jean-Léonard,$cMDCCLXXXII [1782]
=300  \\$avij, 399 pages ;$c20 cm (8vo)
=336  \\$atext$btxt$2rdacontent
=337  \\$aunmediated$bn$2rdamedia
=338  \\$avolume$bnc$2rdacarrier
=340  \\$m8vo$0http://rdaregistry.info/termList/bookFormat/1003
=500  \\$aEdited by Jean Baptiste Antoine Hédouin. Cf. Bibliothèque nationale.
=500  \\$aTitle page vignette, head- and tail-pieces.
=500  \\$aSignatures: pi⁴ (-pi4) A-2B⁸
=650  \0$aPolitical science$vEarly works to 1800.
=700  1\$aHédouin, Jean-Baptiste-Antoine,$d1749-1802,$eeditor.
=776  08$iOnline version:$aRaynal, abbé (Guillaume-Thomas-François), 1713-1796.$tEsprit et génie de M. l'abbé Reynal.$dGenève, Jean-Léonard, 1782$w(OCoLC)713413719
=926  \\$aMARS
=967  \\$ascs20170325
=968  \\$aRDA ENRICHED
=997  \\$a23628758
=998  \\$aLDR:01589cam#a2200373#a#4500
=998  \\$b008:850409s1782####sz############000#0dfre#d

