=LDR  02435cam a2200529 a 4500
=001  9924190420001701
=005  20170330044454.0
=008  810603s1782\\\\enkabf\\\\\\\\000\0deng\d
=035  \\$a(Aleph)006398178UMN01
=035  \\$aMB4484
=035  \\$a(OCoLC)7472212
=040  \\$aIIB$edcrmb$beng$cIIB$dOCLCQ$dOCLCG$dCUS$dMNU
=043  \\$ar------
=049  \\$aMNUA
=050  14$aG650 1776$b.E44 1782
=082  0\$a919
=099  \9$a1782 El
=100  1\$aEllis, W.$q(William),$d-1785.
=245  13$aAn authentic narrative of a voyage performed by Captain Cook and Captain Clerke, in His Majesty's ships Resolution and Discovery during the years 1776, 1777, 1778, 1779, and 1780 :$bin search of a north-west passage between the continents of Asia and America : including a faithful account of all their discoveries, and the unfortunate death of Captain Cook : illustrated with a chart and a variety of cuts /$cby W. Ellis, assistant surgeon to both vessels.
=260  \\$aLondon :$bPrinted for G. Robinson, Pater-noster Row, J. Sewell, Cornhill, and J. Debrett, Piccadilly,$cMDCCLXXXII [1782]
=300  \\$a2 volumes :$billustrations, folded map ;$c22 cm (8vo)
=336  \\$atext$btxt$2rdacontent
=337  \\$aunmediated$bn$2rdamedia
=338  \\$avolume$bnc$2rdacarrier
=340  \\$m8vo$0http://rdaregistry.info/termList/bookFormat/1003
=500  \\$aWith 21 plates and a map; the plates all dated, "Publish'd Dec. r 14 1781 by G. Robinson."
=500  \\$aIncludes extensive excerpts from Cook's and Clerke's journals.
=500  \\$aW. Ellis, artist; etching by Scott, W. Walker, J. Collyer and others.
=500  \\$aSignatures: volume 1: A⁴ B-Z⁸ 2A⁴; volume 2: A⁴ B-Y⁸ Z⁶.
=500  \\$aDirections for placing the cuts: volume 1, page [359].
=500  \\$aErrata: at end of contents in each volume.
=600  10$aCook, James,$d1728-1779
=610  20$aResolution (Ship)
=610  20$aDiscovery (Ship : 1774-1797)
=650  \0$aVoyages around the world.
=651  \0$aOceania$xDiscovery and exploration.
=651  \0$aPacific Coast (America)
=651  \0$aPacific Coast (Asia)
=651  \0$aNorthwest Passage.
=700  1\$aCook, James,$d1728-1779
=700  1\$aClerke, Charles,$d1741-1779.
=926  \\$aMARS
=967  \\$ascs20170325
=968  \\$aRDA ENRICHED
=997  \\$a7472212
=998  \\$aLDR:02369cam#a2200505#a#4500
=998  \\$b008:810603s1782####enkabf########000#0deng#d

