=LDR  01982cam a2200469 a 4500
=001  9924190580001701
=005  20170330044542.0
=008  831101s1782\\\\enk\\\\\\\\\\\000\0\eng\d
=010  \\$a  2012659437
=035  \\$a(Aleph)006398866UMN01
=035  \\$aMB4784
=035  \\$a(OCoLC)10081329
=040  \\$aOUN$edcrmb$beng$cOUN$dDLC$dOCLCO$dMnU
=042  \\$alccopycat
=043  \\$ae-uk---$aa-ii---
=050  00$aDA47.9.I4$bP37 1782
=099  \9$a1782 Par
=100  1\$aParker, Thomas$c(of Lincoln's-Inn)
=245  10$aEvidence of our transactions in the East Indies :$bwith an enquiry into the general conduct of Great Britain to other countries, from the Peace of Paris, in 1763 /$cby Mr. Parker, of Lincoln's-Inn.
=260  \\$aLondon :$bPrinted for Charles Dilly, in the Poultry,$cMDCCLXXXII [1782]
=300  \\$axiv, 281 pages, 3 unnumbered pages, 55 pages, 1 unnumbered page ;$c29 cm (4to)
=336  \\$atext$btxt$2rdacontent
=337  \\$aunmediated$bn$2rdamedia
=338  \\$avolume$bnc$2rdacarrier
=340  \\$m4to$0http://rdaregistry.info/termList/bookFormat/1002
=500  \\$aSignatures: A⁴ b⁴(-b4) B-2U⁴ 2X².
=500  \\$a"An enquiry into our national conduct to other countries": page [2] (3rd group of paging)-34 (4th group of paging).
=510  4\$aSowerby, E.M. Cat. of the lib. of Thomas Jefferson,$c306
=510  4\$aESTC$cT139682
=651  \0$aGreat Britain$xForeign relations$y18th century.
=651  \0$aGreat Britain$xForeign relations$zIndia.
=700  12$aParker, Thomas,$cof Lincoln's-Inn.$tEnquiry into our national conduct to other countries.
=700  1\$aDilly, Charles,$d1739-1807,$ebookseller.
=740  02$aEnquiry into our national conduct to other countries.
=752  \\$aEngland$dLondon.
=926  \\$aMARS
=967  \\$ascs20170325
=968  \\$aRDA ENRICHED
=997  \\$a10081329
=998  \\$aLDR:01899cam#a2200445#a#4500
=998  \\$b008:831101s1782####enk###########000#0#eng#d
=999  \\$aZ39$bOCLC

