=LDR  02190cam a2200433 a 4500
=001  9924190730001701
=005  20170330044514.0
=008  931030s1782\\\\fr\af\\\\b\\\\000\0\fre\d
=035  \\$a(Aleph)006398880UMN01
=035  \\$aMB4124
=035  \\$a(OCoLC)29226182
=040  \\$aVO3$edcrmb$beng$cVO3$dOCL$dOCLCQ$dOCLCG$dHMZ$dOL$adOCLCO$dMNU
=043  \\$aa-cc---$aas-----$aaz-----
=049  \\$aMNUA
=050  00$aDS506$b.S7 1782
=082  04$a915.495043$221
=099  \9$a1782 So
=100  1\$aSonnerat, Pierre,$d1748-1814.
=245  10$aVoyage aux Indes Orientales et a la Chine :$bfait par ordre du roi, depuis 1774 jusqu'en 1781 : dans lequel on traite des mœurs, de la religion, des sciences & des arts des Indiens, des Chinois, des Pégouins & des Madégasses : suivi d'observations sur le cap de Bonne-Espérance, les isles de France & de Bourbon, les Maldives, Ceylan, Malacca, les Philippines & les Moluques, & de recherches sur l'histoire naturelle de ces pays /$cpar M. Sonnerat.
=260  \\$aParis :$bL'auteur,$c1782.
=300  \\$a3 volumes :$billustrations ;$c22 cm (8vo)
=336  \\$atext$btxt$2rdacontent
=337  \\$aunmediated$bn$2rdamedia
=338  \\$avolume$bnc$2rdacarrier
=340  \\$m8vo$0http://rdaregistry.info/termList/bookFormat/1003
=500  \\$aTitle page vignettes, head- and tail-pieces.
=500  \\$aCollation: volume 1: xxij, 340 pages, [1] folded leaf of plates; volume 2.: [6], 376 pages, [5] folded leaves of plates; v 3: [6], 362 pages, [1] folded leaf of plates.
=500  \\$aSignatures: volume 1: [a]⁸ b⁴ (-b4) A-X⁸ Y²; volume 2: pi⁴ (-pi4) A-Z⁸ 2A⁴; volume 3: pi⁴ (-pi4) A-Y⁸ Z⁸ (-Z6-8).
=504  \\$aIncludes bibliographical references.
=650  \0$aNatural history$zChina$vEarly works to 1800.
=650  \0$aNatural history$zEast Indies$vEarly works to 1800.
=651  \0$aChina$xDescription and travel$vEarly works to 1800.
=651  \0$aEast Indies$xDescription and travel$vEarly works to 1800.
=926  \\$aMARS
=967  \\$ascs20170325
=968  \\$aRDA ENRICHED
=997  \\$a29226182
=998  \\$aLDR:02161cam#a2200409#a#4500
=998  \\$b008:931030s1782####fr#af####b####000#0#fre#d

