=LDR  01953aam a2200445 a 4500
=001  9924231420001701
=005  20170330044712.0
=008  881202s1777\\\\sz\bf\\\\b\\\\000\0\ger\d
=035  \\$a(Aleph)006250467UMN01
=035  \\$aMB5108
=035  \\$a(OCoLC)18829521
=040  \\$aWAU$cWAU$dOCLCQ$dOCLCG$dMnU
=041  1\$ager$heng
=043  \\$ar------
=050  \4$aAC4
=082  04$a919
=099  \9$a1777 Mu
=100  1\$aMulgrave, Constantine John Phipps,$cBaron,$d1744-1792.
=240  12$aA voyage towards the North Pole.$lGerman
=245  10$aReise nach dem Nordpol /$cauf Befehl Ihro Königl. Grossbrittannischen Majestät unternommen im Jahr 1773 von C.J. Phips ; Aus dem Englischen mit Zusätzen und Anmerkungen von Herrn Landvogt Engel.
=260  \\$aBern :$bBey der Typographischen Gesellschaft,$c1777.
=300  \\$ax, 122, 304 pages, 1 unnumbered page, folded plates :$bfolded maps ;$c26 cm (4to)
=336  \\$atext$btxt$2rdacontent
=337  \\$aunmediated$bn$2rdamedia
=338  \\$avolume$bnc$2rdacarrier
=340  \\$m4to$0http://rdaregistry.info/termList/bookFormat/1002
=500  \\$aTranslation of A voyage towards the North Pole.
=500  \\$a[Pt. 2] has title: Herrn Landvogt Engels Neuer Versuch über die Lage der nördlichen Gegenden von Asia und Amerika, und dem Versuch eines Wegs durch die Nordsee nach Indien, als ein Anhang zu Phips Reisen.
=610  20$aRacehorse (Ship)
=610  20$aCarcass (Ship)
=651  \0$aNorthwest Passage.
=651  \0$aArctic regions.
=700  1\$aEngel, Samuel,$d1702-1784.$tNeuer Versuch über die Lage der nördlichen Gegenden von Asia und Amerika, und dem Versuch eines Wegs durch die Nordsee nach Indien, als ein Anhang zu Phips Reisen.
=926  \\$aMARS
=967  \\$ascs20170325
=968  \\$aRDA ENRICHED
=997  \\$a18829521
=998  \\$aLDR:01905aam#a2200421#a#4500
=998  \\$b008:881202s1777####sz#bf####b####000#0#ger#d
=999  \\$aZ39$bOCLC

