=LDR  01242aam a2200373 a 4500
=001  9924237970001701
=005  20170330044742.0
=008  000316s1777\\\\ne\bf\\\\\\\\\000\0\fre\d
=010  \\$a   06026612 
=035  \\$a(Aleph)006252237UMN01
=035  \\$aMB1242
=035  \\$a(OCoLC)166610520
=040  \\$aE8W$edcrmb$cE8W$dLGG$dKRTAS$dMnU
=043  \\$ae-ur---$an-us-ak
=050  \0$aHF3625$b.M3
=099  \9$a1777 Ma
=100  1\$aMarbault,$d-approximately 1780.
=245  10$aEssai sur le commerce de Russie, avec l'histoire de ses decouvertes.
=260  \\$aA Amsterdam :$b[publisher not identified],$cMDCCLXXVII [1777]
=300  \\$a299 pages, 1 unnumbered page, 1 folded leaf of plates :$bmap ;$c17 cm (12mo)
=336  \\$atext$btxt$2rdacontent
=337  \\$aunmediated$bn$2rdamedia
=338  \\$asheet$bnb$2rdacarrier
=340  \\$m12mo$0http://rdaregistry.info/termList/bookFormat/1004
=651  \0$aRussia$xCommerce.
=651  \0$aKamchatka Peninsula (Russia)
=651  \0$aAleutian Islands (Alaska)
=926  \\$aMARS
=967  \\$ascs20170325
=968  \\$aRDA ENRICHED
=997  \\$a166610520
=998  \\$aLDR:01143aam#a2200349#a#4500
=998  \\$b008:000316s1777####ne#bf#########000#0#fre#d
=999  \\$aZ39$bOCLC

