=LDR  02259cam a2200493 a 4500
=001  9924244050001701
=005  20170330044852.0
=008  851126s1777\\\\gw\\\\\\\b\\\\001\0\fre\d
=035  \\$a(Aleph)006251748UMN01
=035  \\$aMB6435
=035  \\$a(OCoLC)13475416
=040  \\$aRBN$cRBN$dLDL$dOCL$dDRB$dCUS$dOCL$dNLGGC$dOCLCG$dMnU
=043  \\$an------
=050  \4$aE58$b.P29 1777
=084  \\$a73.06$2bcl
=099  \9$a1777 Pa
=100  1\$aPauw, Cornelius,$d1739-1799.
=245  10$aRecherches philosophiques sur les américains, ou, Mémoires intéressants pour servir à l'histoire de l'espèce humaine /$cpar M. de P***.
=246  30$aRecherches philosophiques sur les américains
=246  30$aMémoires intéressants pour servir à l'histoire de l'espèce humaine
=250  \\$aNouvelle édition /$baugmentée d'une dissertation critique par Dom Pernety, & de la défense de l'auteur des recherches contre cette dissertation.
=260  \\$aBerlin :$b[publisher not identified],$c1777.
=300  \\$a3 volumes ;$c18 cm (4to)
=336  \\$atext$btxt$2rdacontent
=337  \\$aunmediated$bn$2rdamedia
=338  \\$avolume$bnc$2rdacarrier
=340  \\$m4to$0http://rdaregistry.info/termList/bookFormat/1002
=500  \\$aVolume 2 includes: Dissertation sur l'Amérique et les américains by Antoine-Joseph Pernety, with special title page (116 pages at end).
=500  \\$aVolume 3 has title: Défense des recherches philosophiques sur les américains.
=500  \\$aOriginally published in 2 v., Berlin, 1768-1769.
=500  \\$aVolume 1: xviij, [2], 276, [26] pages; volume 2: [4], 304, [32], 116 pages; volume 3: iv, 231 [i.e. 232] pages.
=504  \\$aIncludes bibliographical references and indexes.
=510  4\$aSabin$c59246 note
=650  \0$aIndians.
=651  \0$aAmerica$xCivilization$vEarly works to 1800.
=700  12$aPernety, Antoine-Joseph,$d1716-1801.$tDissertation sur l'Amérique et les américains.
=740  02$aDissertation sur l'Amérique et les américains
=926  \\$aMARS
=967  \\$ascs20170325
=968  \\$aRDA ENRICHED
=997  \\$a13475416
=998  \\$aLDR:02287cam#a2200469#a#4500
=998  \\$b008:851126s1777####gw#######b####001#0#fre#d
=999  \\$aZ39$bOCLC

