=LDR  01211nam a2200349 a 4500
=001  9924254650001701
=005  20170330044810.0
=008  120111s1777\\\\gw\ac\\\\\\\\\000\0\fre\d
=035  \\$a(Aleph)006252070UMN01
=035  \\$aMB4637
=035  \\$a(OCoLC)773198915
=040  \\$aMnU$edcrmb$cMnU
=099  \9$a1777 Du
=100  1\$aDuval-Pyrau,$cAbbé.
=245  10$aÉloge de Nicolas Sahlgren, commandeur de l'ordre de Wasa et directeur de la Compagnie des Indes, &c. /$cpar M. l'abbé Du Val-Pyrau.
=260  \\$a[Frankfurt] :$bAux dépens de l'auteur,$c[1777]
=300  \\$a46 pages :$billustrations, portrait ;$c21 cm (4to)
=336  \\$atext$btxt$2rdacontent
=337  \\$aunmediated$bn$2rdamedia
=338  \\$avolume$bnc$2rdacarrier
=340  \\$m4to$0http://rdaregistry.info/termList/bookFormat/1002
=500  \\$aSignatures: A-F⁴
=510  4\$aWarmholtz$c9614 b
=510  4\$aCappelen$c12-65
=600  10$aSahlgren, Nicol.$q(Nicolaus),$d1701-1776.
=610  20$aSvenska ostindiska kompaniet.
=926  \\$aMARS
=967  \\$ascs20170325
=968  \\$aRDA ENRICHED
=997  \\$a773198915
=998  \\$aLDR:01142nam#a2200325#a#4500
=998  \\$b008:120111s1777####gw#ac#########000#0#fre#d

