=LDR  02194cam a2200481 a 4500
=001  9924255590001701
=005  20170330044814.0
=008  840425s1777\\\\gw\ab\\\\\\\\\001\0\ger\\
=010  \\$a   83461792 
=035  \\$a(Aleph)006251679UMN01
=035  \\$aMB5047
=035  \\$a(OCoLC)10643553
=040  \\$aDLC$cDLC$dOCLCG$dMnU
=043  \\$anwvi---
=050  00$aBV2848.V5$bO42 1777
=082  0\$a266/.46729722$219
=099  \9$a1777 Ol
=100  1\$aOldendorp, C. G. A.$q(Christian Georg Andreas),$d1721-1787.
=240  10$aGeschichte der Mission der Evangelischen Brüder auf den Caraibischen Inseln S. Thomas, S. Croix und S. Jan
=245  10$aC.G.A. Oldendorps Geschichte der Mission der Evangelischen Brüder auf den Caraibischen Inseln S. Thomas, S. Croix und S. Jan /$cherausgegeben durch Johann Jakob Bossart.
=260  \\$aBarby :$bBey Christian Friedrich Laux, und in Leipzig in Commission bey Weidmanns Erben und Reich,$c1777.
=300  \\$a2 volumes :$b4 illustrations, 3 maps (engravings) ;$c19 cm (8vo)
=336  \\$atext$btxt$2rdacontent
=337  \\$aunmediated$bn$2rdamedia
=338  \\$avolume$bnc$2rdacarrier
=340  \\$m8vo$0http://rdaregistry.info/termList/bookFormat/1003
=500  \\$aTitle page of volume 2 lacks publisher/distributor statement.
=500  \\$aSignatures: a⁸ A-2E⁸ chi1 2chi1 3chi1 2F-3Z⁸ 4A⁴.
=500  \\$aPaged continuously: [16], 444, [9], 448-1068, [44] pages, [7] folded leaves of plates (+ [2] pages of text on folded leaf inserted after page 346).
=500  \\$aWith errata/binder's leaf ([2] pages) at end.
=500  \\$aIncludes index.
=610  20$aMoravian Church$xMissions$zUnited States Virgin Islands.
=650  \0$aMissions$zUnited States Virgin Islands.
=651  \0$aUnited States Virgin Islands$xChurch history.
=700  1\$aBossart, Johann Jakob.
=740  0\$aGeschichte der Mission der Evangelischen Brüder auf den Caraibischen Inseln S. Thomas, S. Croix und S. Jan.
=926  \\$aMARS
=967  \\$ascs20170325
=968  \\$aRDA ENRICHED
=997  \\$a10643553
=998  \\$aLDR:02134cam#a2200457#a#4500
=998  \\$b008:840425s1777####gw#ab#########001#0#ger##
=999  \\$aZ39$bOCLC

