=LDR  01728cam a2200373 a 4500
=001  9924260820001701
=005  20170330044838.0
=008  800605s1777\\\\fr\bf\\\\\\\\\000\0\fre\d
=035  \\$a(Aleph)006252063UMN01
=035  \\$aMB4937
=035  \\$a(OCoLC)6390990
=040  \\$aVA@$cVA@$dOCL$dOCLCQ$dOCLCG$dMnU
=050  \4$aHB151
=099  \9$a1777 sEx
=100  1\$aExpilly,$cM. l'abbé$q(Jean-Joseph),$d1719-1793.
=245  13$aLe géographe manuel :$bcontenant la description de tous les pays du monde ... leurs villes capitales, avec leurs distances de Paris, & les routes qui y menent ... les changes & les monnoies des principales places de l'Europe ... la maniere de tenir les écritures de chaque nation; la reduction de toutes les especes au pied courant de France ... /$cPar M. l'Abbé Expilly.
=250  \\$aNouvelle édition, avec des cartes géographiques ...
=260  \\$aA Paris :$bChez Lejay, Libraire, rue Saint-Jacques, au Grand Corneille,$cMDCCLXXVII [1777]
=300  \\$aviii, 458 pages, 2 unnumbered pages, 6 unnumbered leaves of folded plates :$bmaps ;$c14 cm (18 mo)
=336  \\$atext$btxt$2rdacontent
=337  \\$aunmediated$bn$2rdamedia
=338  \\$avolume$bnc$2rdacarrier
=340  \\$m18mo$0http://rdaregistry.info/termList/bookFormat/1010
=500  \\$aBM, Photolithographic edition, volume 69, col. 938.
=650  \0$aGeography$vEarly works to 1800.
=650  \0$aWeights and measures$vEarly works to 1800.
=650  \0$aMoney$vTables$vEarly works to 1800.
=926  \\$aMARS
=967  \\$ascs20170325
=968  \\$aRDA ENRICHED
=997  \\$a6390990
=998  \\$aLDR:01671cam#a2200349#a#4500
=998  \\$b008:800605s1777####fr#bf#########000#0#fre#d
=999  \\$aZ39$bOCLC

