=LDR  03018cam a2200673Ii 4500
=001  9928948400001701
=005  20180222180851.0
=008  771110s1796\\\\ie\b\\\\\\\\\\000\0\eng\\
=010  \\$a   02001946 
=015  \\$a905622022  rev//r84$2can
=016  \\$a(AMICUS)000003347300
=035  \\$a(Aleph)004024261UMN01
=035  \\$a(OCoLC)3409555
=035  \\$aMB35
=040  \\$aDLC$beng$erda$edcrmb$cOCP$dOCLCQ$dVICSF$dWRJ$dOCLCF$dOCLCQ$dCUY$dNLC$dMNU
=043  \\$an-cn---$ar------
=050  \4$aF1060.7$b.H42
=082  04$a917.1204$222
=084  \\$acoll3$2local/lacc
=099  \9$a1796 He
=100  1\$aHearne, Samuel,$d1745-1792,$eauthor.
=245  12$aA journey from Prince of Wales's fort, in Hudson's Bay, to the Northern Ocean :$bundertaken by order of the Hudson's Bay Company : for the discovery of copper mines, a north west passage, &c. in the years 1769, 1770, 1771, & 1772 /$cby Samuel Hearne.
=246  1\$iHalf-title:$aJourney from Prince of Wales's fort
=246  18$aHearne's Journey$5MnU
=264  \1$aDublin :$bPrinted for P. Byrne, No. 108, and J. Rice, no. 111, Grafton-Street,$c1796.
=300  \\$a[2], l, 459, [1] pages, [9] folded leaves of plates :$billustrations, maps ;$c22 cm (8vo)
=336  \\$atext$btxt$2rdacontent
=337  \\$aunmediated$bn$2rdamedia
=338  \\$avolume$bnc$2rdacarrier
=340  \\$m8vo$0http://rdaregistry.info/termList/bookFormat/1003
=500  \\$aWith half-title.
=500  \\$aSignatures: pi² a-c⁸ B-2F⁸ 2G⁶.
=500  \\$a"Directions to the binder": page [460].
=510  4\$aEnglish short title catalogue,$cT111224$uhttp://estc.bl.uk/T111224
=510  4\$aSabin, J. Dictionary of books relating to America from its discovery to the present time,$c31182
=650  \0$aIndians of North America$zNorthwest, Canadian$vEarly works to 1800.
=650  \0$aNatural history$zNorthwest, Canadian$vPre-Linnean works.
=651  \0$aNorthwest, Canadian$xDescription and travel$vEarly works to 1800.
=651  \0$aNorthwest Passage$vEarly works to 1800.
=650  \7$aIndians of North America$2fast$0(OCoLC)fst00969633
=650  \7$aNatural history.$2fast$0(OCoLC)fst01034268
=650  \7$aTravel$2fast$0(OCoLC)fst01155558
=651  \7$aArctic Ocean$zNorthwest Passage.$2fast$0(OCoLC)fst01242546
=651  \7$aCanada$zCanadian Northwest$2fast$0(OCoLC)fst01242540
=651  \6$aNord-Ouest canadien$xDescriptions et voyages$yJusqu' ̉1821.
=651  \6$aNord-Ouest, Passage du.
=650  \6$aIndiens$zAmřique du Nord$zCanada (Nord-Ouest)
=650  \6$aSciences naturelles$zCanada (Nord-Ouest)
=655  \7$aEarly works.$2fast$0(OCoLC)fst01411636
=700  1\$aByrne, Patrick,$d1741?-1814$ebookseller.
=700  1\$aRice, John,$dactive 1790-1800,$ebookseller.
=752  \\$aIreland$dDublin.
=913  \\$avb16
=926  \\$aMARS
=967  \\$ascs20170325
=968  \\$aRDA ENRICHED
=997  \\$a3409555
=998  \\$aLDR:02941cam#a2200649Ii#4500
=998  \\$b008:771110s1796####ie#b##########000#0#eng##

