=LDR  01525cam a2200409 a 4500
=001  9929165090001701
=005  20170331035640.0
=008  040304s1781\\\\ne\\\\\\\\\\\\000\0\fre\d
=035  \\$a(Aleph)006391865UMN01
=035  \\$aMB4036
=035  \\$a(OCoLC)56679837
=040  \\$aCUD$edcrmb$beng$cCUD$dOCLCQ$dMNU
=043  \\$ae-ne---$ae-be---
=049  \\$aMNUA
=099  \9$a1781 Li
=245  00$aLettre de Mr. De** a Mr. R. ** en réponse à la sienne sur la liberté de l'Escaut.
=260  \\$aA Amsterdam :$b[publisher not identified],$cMDCCLXXXI [1781]
=300  \\$a36 pages ;$c24 cm (4to)
=336  \\$atext$btxt$2rdacontent
=337  \\$aunmediated$bn$2rdamedia
=338  \\$avolume$bnc$2rdacarrier
=340  \\$m4to$0http://rdaregistry.info/termList/bookFormat/1002
=500  \\$aAttributed to Simon-Nicolas Henri Linguet.
=500  \\$aSignatures: A-D⁴ E²
=500  \\$aFirst gathering is signed on second leaf only: A.
=500  \\$aErrata: page 36.
=500  \\$aTitle-page device and head-piece; title-page device has words encircling: Christus sol et leo noster.
=651  \0$aNetherlands$xCommerce$vEarly works to 1800.
=651  \0$aBelgium$xCommerce$vEarly works to 1800.
=651  \0$aScheldt River$xCommerce$vEarly works to 1800.
=700  1\$aLinguet, Simon Nicolas Henri,$d1736-1794.
=926  \\$aMARS
=967  \\$ascs20170325
=968  \\$aRDA ENRICHED
=997  \\$a56679837
=998  \\$aLDR:01450cam#a2200385#a#4500
=998  \\$b008:040304s1781####ne############000#0#fre#d

