=LDR  01791nam a2200361 a 4500
=001  9929317030001701
=005  20170331043545.0
=008  060911s1777\\\\fr\\\\\\\\\\\\000\0\fre\d
=035  \\$a(Aleph)004846341UMN01
=035  \\$a(OCoLC)72900810
=040  \\$aMnU$cMnU$edcrb
=099  \9$a1777 Me
=245  00$aMemoire pour Me. Laurens David, Adjudicataire Général des Fermes unies de France, appellant de sentence rendue par le Maître des Ports de la ville de Toulin, le 7 août 1776, contre Sieur Jean-Baptiste François Jourdan, Négociant de la ville de Marseille, prenant le fait & cause en main du sieur Bonfils, Aubergiste du lieu de Souliers, intimé.
=260  \\$aA Aix :$bChez Esprit David,$c1777.
=300  \\$a2 unnumbered pages, 33 pages, 1 unnumbered page ;$c28 cm (folio)
=336  \\$atext$btxt$2rdacontent
=337  \\$aunmediated$bn$2rdamedia
=338  \\$avolume$bnc$2rdacarrier
=340  \\$mfolio$0http://rdaregistry.info/termList/bookFormat/1001
=500  \\$aSignatures: [pi]1 A-H² [chi]1.
=501  \\$aBound with: Memoire en réponse pour Me. Laurens David, adjudicataire général des Fermes unies de France, appellant de sentence rendue par le maître des ports de la ville de Toulon, le 7 août 1776 ...
=650  \0$aTariff$xLaw and legislation$zFrance$vEarly works to 1800.
=650  \0$aDuty-free importation$xLaw and legislation$zFrance$vEarly works to 1800.
=651  \0$aFrance$xColonies$xCommerce$vEarly works to 1800.
=700  1\$aDavid, Laurent.
=700  1\$aJourdan, Jean-Baptiste-Francois.
=700  1\$aDavid, Joseph,$eprinter.
=926  \\$aMARS
=967  \\$ascs20170325
=968  \\$aRDA ENRICHED
=997  \\$a72900810
=998  \\$aLDR:01763nam#a2200337#a#4500
=998  \\$b008:060911s1777####fr############000#0#fre#d

