=LDR  01721cam a2200385 a 4500
=001  9922816870001701
=005  20170330022105.0
=008  760414s1780\\\\enk\\\\\\\\\\\000\0\fre\\
=010  \\$a   07009628 
=035  \\$a(Aleph)006275163UMN01
=035  \\$aMB5687
=035  \\$a(OCoLC)2112169
=040  \\$aDLC$cVWM$dOCLCQ$dNLGGC$dOCLCG$dMnU
=043  \\$an-us---
=050  \0$aE211$b.C41
=082  04$a973.32
=084  \\$a15.85$2bcl
=099  \9$a1780 Ce
=100  1\$aCerisier, Antoine-Marie,$d1749-1828.
=245  13$aLe destin de l'Amerique, ou, Dialogues pittoresques :$bdans lesquels on developpe la cause des evenemens actuels, la politique et les interets des puissances de l'Europe relativement a cette guerre, et les suites qu'elle devroit avoir pour le bonheur de l'humanité /$ctraduit fidelement de l'Anglois.
=260  \\$aLondon :$bPrinted for J. Bew, No. 28, Pater-noster Row, and may be had of all booksellers and news-carriers in town and country,$c[1780?]
=300  \\$a124 pages ;$c23 cm (8vo)
=336  \\$atext$btxt$2rdacontent
=337  \\$aunmediated$bn$2rdamedia
=338  \\$avolume$bnc$2rdacarrier
=340  \\$m8vo$0http://rdaregistry.info/termList/bookFormat/1003
=500  \\$aPublished anonymously. Not translated from the English and, apparently, not printed in London. cf. Sabin, Bibl. amer., volume 3, page 459; van Doorninck, Vermomde en naamlooze schrijvers, 1883-85, deel II, page 418.
=651  \0$aUnited States$xPolitics and government$y1775-1783.
=926  \\$aMARS
=967  \\$ascs20170325
=968  \\$aRDA ENRICHED
=997  \\$a2112169
=998  \\$aLDR:01629cam#a2200361#a#4500
=998  \\$b008:760414s1780####enk###########000#0#fre##
=999  \\$aZ39$bOCLC

