=LDR  01848nam a2200349 a 4500
=001  9922818860001701
=005  20170330022241.0
=008  120307s1688\\\\fr\\\\\\\\\\\\000\0\fre\d
=035  \\$a(Aleph)006274873UMN01
=035  \\$aMB20007
=035  \\$a(OCoLC)952657926
=040  \\$aMnU$edcrmb$cMnU
=043  \\$ae-fr---
=099  \9$a1688 Tar
=245  00$aTarifs des droits de sorties et entreés du royaume, & des provinces où les bureaux des cinq grosses fermes ne sont éstablis ; ordonnez estre levez sur toutes les marchandises & denrées, espiceries & drogueries :$barrestez au Conseil Royal, le dix-huit Septembre 1664 : avec l'Edit du Roy, du mesme mois & an.
=260  \\$aA Paris :$bChez Thomas Charpentier, à l'Entree du Quay de Gévre, prés le Pont au Change, au Paradis,$cMDCLXXXVIII [1688]
=300  \\$a154 pages ;$c24 cm (4to).
=336  \\$atext$btxt$2rdacontent
=337  \\$aunmediated$bn$2rdamedia
=338  \\$avolume$bnc$2rdacarrier
=340  \\$m4to$0http://rdaregistry.info/termList/bookFormat/1002
=500  \\$a" ... Pour le payement desdits droits; et du supplément d'iceux, des marchandises transportées d'un lieu à autre; de cing sols pour chacun acquit, &c. Et deux declarations de sa Majesté, des dix-huit Avril 1667 & vingt-neuf May 1685. Tant pour la levée par augmentation des droits d'entrées & sorties, sur les denrées & marchandises y specifiées : que pour l'execution desdits tarifs, &c."
=500  \\$aSignatures: A-T⁴ V²
=650  \0$aTariff$xLaw and legislation$zFrance$vEarly works to 1800.
=700  1\$aCharpentier, Thomas,$d-1703,$eprinter.
=752  \\$aFrance$dParis
=926  \\$aMARS
=967  \\$ascs20170325
=968  \\$aRDA ENRICHED
=997  \\$a952657926
=998  \\$aLDR:01845nam#a2200325#a#4500
=998  \\$b008:120307s1688####fr############000#0#fre#d

