=LDR  01968cam a2200469 a 4500
=001  9922820840001701
=005  20170330022142.0
=008  001120s1780\\\\enkabf\\\b\\\\001\0\eng\d
=035  \\$a(Aleph)006275204UMN01
=035  \\$aMB1710
=035  \\$a(OCoLC)45400070
=040  \\$aFDA$cFDA$dOCLCQ$dBOS$dOCLCG$dDRB$dNLE$dUBY$dNIALS$dDEBBG$dMnU
=043  \\$apo-----$ae-urs--$ae-ur---$aa-cc---
=050  00$aG680$b.C82
=082  04$a979.8
=084  \\$aNU 7900$2rvk
=099  \9$a1780 Co
=100  1\$aCoxe, William,$d1747-1828.
=245  10$aAccount of the Russian discoveries between Asia and America :$bto which are added the conquest of Siberia and the history of the transactions and commerce between Russia and China /$cby William Coxe, A.M., Fellow of King's College, Cambridge, and Chaplain to his Grace the Duke of Marlborough.
=246  30$aRussian discoveries between Asia and America
=260  \\$aLondon :$bPrinted by J. Nichols for T. Cadell, in the Strand,$cMDCCLXXX [1780]
=300  \\$axxii, 344 pages, 16 unnumbered pages, 5 unnumbered folded leaves of plates :$billustrations, maps ;$c27 x 23 cm (4to)
=336  \\$atext$btxt$2rdacontent
=337  \\$aunmediated$bn$2rdamedia
=338  \\$avolume$bnc$2rdacarrier
=340  \\$m4to$0http://rdaregistry.info/termList/bookFormat/1002
=500  \\$aFirst edition CF. Howes, W. U.S.iana. (2nd edition).
=504  \\$aIncludes bibliographical references (pages xi-xii) and index.
=510  4\$aHowes, W. U.S.iana (2nd ed.),$c834
=510  4\$aSabin$c17309
=650  \0$aDiscoveries in geography$xRussian.
=651  \0$aIslands of the Pacific.
=651  \0$aSiberia (Russia)$xHistory
=651  \0$aRussia$xCommerce$zChina.
=651  \0$aChina$xCommerce$zRussia.
=926  \\$aMARS
=967  \\$ascs20170325
=968  \\$aRDA ENRICHED
=997  \\$a45400070
=998  \\$aLDR:01871cam#a2200445#a#4500
=998  \\$b008:001120s1780####enkabf###b####001#0#eng#d
=999  \\$aZ39$bOCLC

