=LDR  01568nam a2200397 a 4500
=001  9964037630001701
=005  20200316082253.0
=008  060407s1686\\\\xx\\\\\\\\\\\\000\0\eng\d
=035  \\$a(Aleph)004688531UMN01
=035  \\$a(OCoLC)68190597
=040  \\$aMnU$edacs$cMnU
=099  \9$a1686 fAt
=100  1\$aAtkins, Daniel,$dactive 1686.
=245  10$aCapt. Hoye and Part Owners of the Good Ship Ye Dolphin,$f1686 March 8-April 9 /$cDaniel Atkins.
=246  3\$aCaptain Hoye and Part Owners of the Good Ship Ye Dolphin
=260  \\$c1686 March 8-April9.
=300  \\$a1 manuscript leaf ;$c31 cm (folio)
=336  \\$atext$btxt$2rdacontent
=337  \\$aunmediated$bn$2rdamedia
=338  \\$asheet$bnb$2rdacarrier
=340  \\$mfolio$0http://rdaregistry.info/termList/bookFormat/1001
=520  \\$aA bill for the rigging or re-rigging of the vessel, The Dolphin. Sixteen lines of entries include ratline, sp[un] yarn, backstayes, "a warp of 5 inch [the circumference] & 120 fath[oms]" as well as less specific items.
=600  10$aAtkins, Daniel,$dactive 1686$vCorrespondence.
=600  10$aHoye,$cCaptain,$dactive 1686$vCorrespondence.
=610  20$aDolphin (Ship)
=650  \0$aManuscripts$vSpecimens.
=650  \0$aMasts and rigging$vEarly works to 1800.
=650  \0$aInvoices.
=655  \0$aLetters.
=700  1\$aHoye,$cCaptain,$dactive 1686,$ercp.
=926  \\$aMARS
=967  \\$ascs20170325
=968  \\$aRDA ENRICHED
=997  \\$a68190597
=998  \\$aLDR:01496nam#a2200385#a#4500
=998  \\$b008:060407s1686####xx############000#0#eng#d

