=LDR  02495cam a2200553 a 4500
=001  9931190390001701
=005  20170331063701.0
=008  791023m17831784fr\bcf\\\\\\\\000\0\fre\\
=010  \\$a   79383260 
=019  \\$a23616255$a62717667
=035  \\$a(Aleph)006410670UMN01
=035  \\$aMB5148
=035  \\$a(OCoLC)3878850
=040  \\$aDLC$edcrmb$beng$cDLC$dEYM$dDIBAM$dMNU
=043  \\$ae-ur---
=049  \\$aMNUA
=050  00$aDK39$b.C62
=050  04$aDK39$b.C62 1783
=082  00$a947
=099  \9$a1783 Cl
=100  1\$aClerc, Nicolas-Gabriel,$d1726-1798.
=245  10$aHistoire physique, morale, civile et politique de la Russie ancienne /$cpar M. Le Clerc.
=246  1\$iHalf title$aHistoire de la Russie ancienne.
=260  \\$aA Paris :$bChez Froullé, libraire, ... ;$aA Versailles :$bChez Blaizot, libraire, ...,$cMDCCLXXXIII-MDCCLXXXIV [1783-1784] ;$e([Paris] :$fDe l'Imprimerie de Clousier, rue de Sorbonne)
=300  \\$a3 volumes :$bmaps, plates, portraits ;$c26 cm (4to)
=336  \\$atext$btxt$2rdacontent
=337  \\$aunmediated$bn$2rdamedia
=338  \\$avolume$bnc$2rdacarrier
=340  \\$m4to$0http://rdaregistry.info/termList/bookFormat/1002
=500  \\$aComplements the author's Histoire physique, morale, civile et politique de la Russie moderne.
=500  \\$aPrinter from colophon.
=500  \\$aPlates engraved by various artists, most of the portraits after Chevalier.
=500  \\$aTitle page vignettes, head- and tail-pieces.
=500  \\$aL.C. copy imperfect: volume 1 lacks prelim. leaves (vii, [1], xx p.) which are misbound in L.C. copy of Histoire de la Russie moderne; volume 2 lacks port. facing page 271.
=500  \\$aErrata: volume 2, page [561].
=651  \0$aRussia$xHistory.
=651  \0$aRussia$vEarly works to 1800.
=651  \7$aUNION SOVIETICA$xHISTORIA$yHASTA 1722.$2renib
=700  1\$aChevalier, Jean,$dapproximately 1725-approximately 1790.
=700  1\$aClousier, Jacques-Gabriel,$d-1804?,$eprinter.
=710  2\$aChez Froullé (Libraire),$epublisher.
=710  2\$aChez Blaizot (Libraire),$epublisher.
=776  08$iOnline version:$aClerc, Nicolas-Gabriel, 1726-1798.$tHistoire physique, morale, civile et politique de la Russie ancienne.$dParis, Chez Froullé, libraire, 1783-84$w(OCoLC)654981020
=926  \\$aMARS
=967  \\$ascs20170325
=968  \\$aRDA ENRICHED
=997  \\$a3878850
=998  \\$aLDR:02415cam#a2200529#a#4500
=998  \\$b008:791023m17831784fr#bcf########000#0#fre##

