=LDR  02482aam a2200493 a 4500
=001  9940912590001701
=005  20170402040820.0
=008  981031s1783\\\\ne\bf\\\\\\\\\000\0\dut\d
=035  \\$a(Aleph)006420480UMN01
=035  \\$aMB2847
=035  \\$a(OCoLC)40199731
=040  \\$aNYP$cNYP$dGZM$dOCLCQ$dOCLCG$dMnU
=041  1\$adut$hger
=043  \\$aas-----$aa-io---
=090  \\$aDS646.1$b.E74 1783
=099  \9$a1783 Es
=100  1\$aEschelskroon, Adolph,$d1736-1793.
=240  10$aBeschreibung der Insel Sumatra.$lDutch
=245  10$aBeschryving van het eiland Sumatra :$bInzonderheid ten aanzien van deszelfs koophandel, en de voornaamste merkwaardigheden, die eenige betrekking tot dezelve hebben /$cbenevens eene origineele kaart van dat eiland, door den Heer Adolph Echels-Kroon ... in 't Hoogduitsch uitgegeeven en met eene voorrede verrykt, door den Herr Gottlob Benedict von Schirach ... Waar by gevoegd is een aanhangzel, behelzende eene beknopte beschryving der eilanden Borneo, Banda, Amboina en Ceylon ... Malabar ... Ostindien ; uit het hoogduitsch vertaald.
=260  \\$aTe Haarlem :$bBy C.H. Bohn en Zoon,$cMDCCLXXXIII [1783]
=300  \\$axxx, 208 pages, 1 unnumbered folded leaf of plates :$bmap ;$c23 cm (8vo)
=336  \\$atext$btxt$2rdacontent
=337  \\$aunmediated$bn$2rdamedia
=338  \\$avolume$bnc$2rdacarrier
=340  \\$m8vo$0http://rdaregistry.info/termList/bookFormat/1003
=500  \\$aTranslation of: Beschreibung der Insel Sumatra : besonders in Ansehung des Handels, und der dahin gehörigen Merkwürdigkeiten.
=500  \\$aWith half title.
=500  \\$aMap is hand-colored.
=500  \\$aSignatures: [star]⁸ [2 star]⁸(-[2 star]8) A-N⁸.
=650  \0$aSpice trade$zIndonesia$zSumatra.
=651  \0$aMalay Archipelago.
=651  \0$aSumatra (Indonesia)$xDescription and travel.
=651  \0$aSumatra (Indonesia)$xCommerce.
=700  1\$aSchirach, Gottlob Benedict von,$d1743-1804.
=700  1\$aBohn, Christoph Henrich,$dactive 1755-1785,$ebookseller.
=752  \\$aNetherlands$dHaarlem.
=776  08$iOnline version:$aEschelskroon, Adolph, 1736-1793.$sBeschreibung der Insel Sumatra. Dutch.$tBeschryving van het eiland Sumatra.$dHaarlem : C.H. Bohn en Zoon, 1783$w(OCoLC)659403215
=926  \\$aMARS
=967  \\$ascs20170325
=968  \\$aRDA ENRICHED
=997  \\$a40199731
=998  \\$aLDR:02411aam#a2200469#a#4500
=998  \\$b008:981031s1783####ne#bf#########000#0#dut#d
=SID  \\$aZ39$bOCLC

