=LDR  01991nam a2200457 a 4500
=001  9940929020001701
=005  20170402041005.0
=008  121218s1783\\\\ne\\\\\\\\\\\\000\0\fre\d
=035  \\$a(Aleph)006420446UMN01
=035  \\$aMB5694
=035  \\$a(OCoLC)16399407
=040  \\$aMnU$beng$edcrmb$cMnU
=041  1\$afre$heng
=043  \\$an------$as------
=050  \4$aAC1
=099  \9$a1783 Pai
=100  1\$aPaine, Thomas,$d1737-1809
=245  10$aRemarques sur les erreurs de l'histoire philosophique et politique de Mr. Guillaume Thomas Raynal par rapport aux Affaires de l'Amérique-Septentrionale &c. /$cpar Mr. Thomas Paine ... ; traduites de l'Anglais & augmentées d'une préface & de quelques notes par A.M. Cerisier.
=260  \\$aA Amsterdam :$bChez J.A. Crajenschot, Libraire, dans le Kalverstraat,$cMDCCLXXXIII [1783]
=300  \\$axvi, 126 pages, 2 unnumbered pages ;$c23 cm (8vo)
=336  \\$atext$btxt$2rdacontent
=337  \\$aunmediated$bn$2rdamedia
=338  \\$avolume$bnc$2rdacarrier
=340  \\$m8vo$0http://rdaregistry.info/termList/bookFormat/1003
=500  \\$aSignatures: [star]⁸ A-H⁸.
=500  \\$aWith half-title.
=500  \\$aTitle page vignette, head- and tail-pieces.
=510  4\$aSabin$c58329
=650  \0$aCommerce$xHistory$vEarly works to 1800.
=650  \0$aColonization$xHistory$vEarly works to 1800.
=651  \0$aEast Indies$vEarly works to 1800.
=651  \0$aAmerica$xDiscovery and exploration$vEarly works to 1800.
=700  1\$aCerisier, Antoine-Marie,$d1749-1828.
=700  1\$aRaynal,$cabbé$q(Guillaume-Thomas-François),$d1713-1796.$tHistoire philosophique et politique des établissemens et du commerce des Européens dans les deux Indes.
=700  1\$aCrajenschot, J. A.$q(Jacobus Adrianus),$ebookseller.
=926  \\$aMARS
=967  \\$ascs20170325
=968  \\$aRDA ENRICHED
=997  \\$a16399407
=998  \\$aLDR:01954nam#a2200433#a#4500
=998  \\$b008:121218s1783####ne############000#0#fre#d

