=LDR  02124cam a2200481 a 4500
=001  9940951940001701
=005  20170402041102.0
=008  850521r15511550fr\a\\\\\\\\\\001\0\lat\d
=035  \\$a(Aleph)005240906UMN01
=035  \\$a(OCoLC)13467451
=040  \\$aRBN$cRBN$dOCL$dOCLCQ$dMnU
=050  \4$aQB85
=099  \9$a1551 Ro
=100  1\$aRojas Sarmiento, Juan de,$dactive 1544-1550.
=240  10$aCommentariorum in astrolabium, quod planisphaerium vocant, libri sex
=245  10$aIllustris uiri D. Ioannis de Roias Commentariorum in astrolabium, quod planisphærium uocant, libri sex /$cnunc primùm in lucem editi.
=260  \\$aLutetiae [Paris] :$bApud Vascosanum, ...,$cM.D. LI. [1551]
=300  \\$a[24], 281 pages, [15] pages (leaf following pages 281-[282] blank) :$billustrations (woodcuts) ;$c22 cm (4to)
=336  \\$atext$btxt$2rdacontent
=337  \\$aunmediated$bn$2rdamedia
=338  \\$avolume$bnc$2rdacarrier
=340  \\$m4to$0http://rdaregistry.info/termList/bookFormat/1002
=500  \\$aSignatures: a-c⁴ A-2L⁴ 2M⁶ 2B⁶; leaf 2M6 is blank.
=500  \\$aThe blank leaf is included in the pagination.
=500  \\$aIncludes index.
=510  4\$aAdams$cR672.
=510  4\$aPalau y Dulcet (2nd ed.)$c276067 (extent statement varies, probably an error).
=510  4\$aBM STC French, 1470-1600,$cp. 378.
=510  4\$aHouzeau & Lancaster. Astronomie (1964 ed.),$c3275.
=510  4\$aLalande, J.J. le F. de. Bib. astronomique,$cp. 70 (1550 ed.).
=534  \\$pOriginally published:$c1550.$nCf. Palace y Dulcet (2nd ed.).
=650  \0$aAstronomical instruments$vEarly works to 1800.
=650  \0$aAstrolabes$vEarly works to 1800.
=650  \0$aAstronomy$vEarly works to 1800.
=740  0\$aCommentariorum in astrolabium, quod planisphaerium vocant, libri sex.
=740  0\$aIllustris viri D. Joannis de Rojas Commentariorum in astrolabium ... libri sex.
=926  \\$aMARS
=967  \\$ascs20170325
=968  \\$aRDA ENRICHED
=997  \\$a13467451
=998  \\$aLDR:02059cam#a2200457#a#4500
=998  \\$b008:850521r15511550fr#a##########001#0#lat#d
=SID  \\$aZ39$bOCLC

